{"event_type": "book_snapshot", "venue": "binance", "instrument_key": "BTCUSDT", "bids": [[64999.0, 1.0]], "asks": [[65001.0, 1.0]], "seq_id": 1, "venue_ts": 1710999999000, "received_ts": 1710999999010}
{"event_type": "trade", "event_id": "trade_0", "venue": "binance", "instrument_key": "BTCUSDT", "price": 65000.0, "qty": 0.2057, "quote_qty": 13369.71, "taker_side": "SELL", "venue_ts": 1711000000000, "received_ts": 1711000000010}
{"event_type": "trade", "event_id": "trade_1", "venue": "binance", "instrument_key": "BTCUSDT", "price": 65000.1, "qty": 0.4701, "quote_qty": 30557.14, "taker_side": "SELL", "venue_ts": 1711000003000, "received_ts": 1711000003010}
{"event_type": "trade", "event_id": "trade_2", "venue": "binance", "instrument_key": "BTCUSDT", "price": 65000.2, "qty": 0.264, "quote_qty": 17158.68, "taker_side": "BUY", "venue_ts": 1711000006000, "received_ts": 1711000006010}
{"event_type": "trade", "event_id": "trade_3", "venue": "binance", "instrument_key": "BTCUSDT", "price": 65000.3, "qty": 0.3706, "quote_qty": 24090.73, "taker_side": "BUY", "venue_ts": 1711000009000, "received_ts": 1711000009010}
{"event_type": "trade", "event_id": "trade_4", "venue": "binance", "instrument_key": "BTCUSDT", "price": 65000.4, "qty": 0.4672, "quote_qty": 30368.0, "taker_side": "BUY", "venue_ts": 1711000012000, "received_ts": 1711000012010}
{"event_type": "trade", "event_id": "trade_5", "venue": "binance", "instrument_key": "BTCUSDT", "price": 65000.5, "qty": 0.3756, "quote_qty": 24414.21, "taker_side": "BUY", "venue_ts": 1711000015000, "received_ts": 1711000015010}
{"event_type": "trade", "event_id": "trade_6", "venue": "binance", "instrument_key": "BTCUSDT", "price": 65000.6, "qty": 0.2344, "quote_qty": 15238.01, "taker_side": "BUY", "venue_ts": 1711000018000, "received_ts": 1711000018010}
{"event_type": "trade", "event_id": "trade_7", "venue": "binance", "instrument_key": "BTCUSDT", "price": 65000.7, "qty": 0.3025, "quote_qty": 19659.61, "taker_side": "BUY", "venue_ts": 1711000021000, "received_ts": 1711000021010}
{"event_type": "trade", "event_id": "trade_8", "venue": "binance", "instrument_key": "BTCUSDT", "price": 65000.8, "qty": 0.2294, "quote_qty": 14910.06, "taker_side": "SELL", "venue_ts": 1711000024000, "received_ts": 1711000024010}
{"event_type": "trade", "event_id": "trade_9", "venue": "binance", "instrument_key": "BTCUSDT", "price": 65000.9, "qty": 0.2939, "quote_qty": 19103.65, "taker_side": "BUY", "venue_ts": 1711000027000, "received_ts": 1711000027010}
{"event_type": "trade", "event_id": "trade_10", "venue": "binance", "instrument_key": "BTCUSDT", "price": 65001.0, "qty": 0.3142, "quote_qty": 20423.2, "taker_side": "SELL", "venue_ts": 1711000030000, "received_ts": 1711000030010}
{"event_type": "trade", "event_id": "trade_11", "venue": "binance", "instrument_key": "BTCUSDT", "price": 65001.1, "qty": 0.1956, "quote_qty": 12710.98, "taker_side": "BUY", "venue_ts": 1711000033000, "received_ts": 1711000033010}
{"event_type": "trade", "event_id": "trade_12", "venue": "binance", "instrument_key": "BTCUSDT", "price": 65001.2, "qty": 0.3925, "quote_qty": 25515.85, "taker_side": "BUY", "venue_ts": 1711000036000, "received_ts": 1711000036010}
{"event_type": "trade", "event_id": "trade_13", "venue": "binance", "instrument_key": "BTCUSDT", "price": 65001.3, "qty": 0.2574, "quote_qty": 16733.17, "taker_side": "BUY", "venue_ts": 1711000039000, "received_ts": 1711000039010}
{"event_type": "trade", "event_id": "trade_14", "venue": "binance", "instrument_key": "BTCUSDT", "price": 65001.4, "qty": 0.1363, "quote_qty": 8860.17, "taker_side": "SELL", "venue_ts": 1711000042000, "received_ts": 1711000042010}
{"event_type": "trade", "event_id": "trade_15", "venue": "binance", "instrument_key": "BTCUSDT", "price": 65001.5, "qty": 0.3215, "quote_qty": 20896.55, "taker_side": "SELL", "venue_ts": 1711000045000, "received_ts": 1711000045010}
{"event_type": "trade", "event_id": "trade_16", "venue": "binance", "instrument_key": "BTCUSDT", "price": 65001.6, "qty": 0.1726, "quote_qty": 11219.25, "taker_side": "BUY", "venue_ts": 1711000048000, "received_ts": 1711000048010}
{"event_type": "trade", "event_id": "trade_17", "venue": "binance", "instrument_key": "BTCUSDT", "price": 65001.7, "qty": 0.2672, "quote_qty": 17370.85, "taker_side": "SELL", "venue_ts": 1711000051000, "received_ts": 1711000051010}
{"event_type": "trade", "event_id": "trade_18", "venue": "binance", "instrument_key": "BTCUSDT", "price": 65001.8, "qty": 0.388, "quote_qty": 25217.49, "taker_side": "SELL", "venue_ts": 1711000054000, "received_ts": 1711000054010}
{"event_type": "trade", "event_id": "trade_19", "venue": "binance", "instrument_key": "BTCUSDT", "price": 65001.9, "qty": 0.4772, "quote_qty": 31021.37, "taker_side": "SELL", "venue_ts": 1711000057000, "received_ts": 1711000057010}
{"event_type": "trade", "event_id": "trade_20", "venue": "binance", "instrument_key": "BTCUSDT", "price": 65002.0, "qty": 0.3198, "quote_qty": 20788.54, "taker_side": "BUY", "venue_ts": 1711000060000, "received_ts": 1711000060010}
{"event_type": "trade", "event_id": "trade_21", "venue": "binance", "instrument_key": "BTCUSDT", "price": 65002.1, "qty": 0.4957, "quote_qty": 32218.63, "taker_side": "SELL", "venue_ts": 1711000063000, "received_ts": 1711000063010}
{"event_type": "trade", "event_id": "trade_22", "venue": "binance", "instrument_key": "BTCUSDT", "price": 65002.2, "qty": 0.102, "quote_qty": 6632.53, "taker_side": "SELL", "venue_ts": 1711000066000, "received_ts": 1711000066010}
{"event_type": "trade", "event_id": "trade_23", "venue": "binance", "instrument_key": "BTCUSDT", "price": 65002.3, "qty": 0.4348, "quote_qty": 28265.39, "taker_side": "BUY", "venue_ts": 1711000069000, "received_ts": 1711000069010}
{"event_type": "trade", "event_id": "trade_24", "venue": "binance", "instrument_key": "BTCUSDT", "price": 65002.4, "qty": 0.2741, "quote_qty": 17814.34, "taker_side": "BUY", "venue_ts": 1711000072000, "received_ts": 1711000072010}
{"event_type": "trade", "event_id": "trade_25", "venue": "binance", "instrument_key": "BTCUSDT", "price": 65002.5, "qty": 0.4012, "quote_qty": 26078.19, "taker_side": "BUY", "venue_ts": 1711000075000, "received_ts": 1711000075010}
{"event_type": "trade", "event_id": "trade_26", "venue": "binance", "instrument_key": "BTCUSDT", "price": 65002.6, "qty": 0.276, "quote_qty": 17938.48, "taker_side": "SELL", "venue_ts": 1711000078000, "received_ts": 1711000078010}
{"event_type": "trade", "event_id": "trade_27", "venue": "binance", "instrument_key": "BTCUSDT", "price": 65002.7, "qty": 0.3548, "quote_qty": 23060.31, "taker_side": "BUY", "venue_ts": 1711000081000, "received_ts": 1711000081010}
{"event_type": "trade", "event_id": "trade_28", "venue": "binance", "instrument_key": "BTCUSDT", "price": 65002.8, "qty": 0.1272, "quote_qty": 8267.91, "taker_side": "SELL", "venue_ts": 1711000084000, "received_ts": 1711000084010}
{"event_type": "trade", "event_id": "trade_29", "venue": "binance", "instrument_key": "BTCUSDT", "price": 65002.9, "qty": 0.1648, "quote_qty": 10713.72, "taker_side": "SELL", "venue_ts": 1711000087000, "received_ts": 1711000087010}
{"event_type": "trade", "event_id": "trade_30", "venue": "binance", "instrument_key": "BTCUSDT", "price": 65003.0, "qty": 0.2601, "quote_qty": 16907.54, "taker_side": "BUY", "venue_ts": 1711000090000, "received_ts": 1711000090010}
{"event_type": "trade", "event_id": "trade_31", "venue": "binance", "instrument_key": "BTCUSDT", "price": 65003.1, "qty": 0.2222, "quote_qty": 14446.79, "taker_side": "SELL", "venue_ts": 1711000093000, "received_ts": 1711000093010}
{"event_type": "trade", "event_id": "trade_32", "venue": "binance", "instrument_key": "BTCUSDT", "price": 65003.2, "qty": 0.4709, "quote_qty": 30611.29, "taker_side": "BUY", "venue_ts": 1711000096000, "received_ts": 1711000096010}
{"event_type": "trade", "event_id": "trade_33", "venue": "binance", "instrument_key": "BTCUSDT", "price": 65003.3, "qty": 0.4384, "quote_qty": 28495.36, "taker_side": "SELL", "venue_ts": 1711000099000, "received_ts": 1711000099010}
{"event_type": "trade", "event_id": "trade_34", "venue": "binance", "instrument_key": "BTCUSDT", "price": 65003.4, "qty": 0.1733, "quote_qty": 11266.33, "taker_side": "SELL", "venue_ts": 1711000102000, "received_ts": 1711000102010}
{"event_type": "trade", "event_id": "trade_35", "venue": "binance", "instrument_key": "BTCUSDT", "price": 65003.5, "qty": 0.2485, "quote_qty": 16155.93, "taker_side": "SELL", "venue_ts": 1711000105000, "received_ts": 1711000105010}
{"event_type": "trade", "event_id": "trade_36", "venue": "binance", "instrument_key": "BTCUSDT", "price": 65003.6, "qty": 0.3429, "quote_qty": 22288.57, "taker_side": "BUY", "venue_ts": 1711000108000, "received_ts": 1711000108010}
{"event_type": "trade", "event_id": "trade_37", "venue": "binance", "instrument_key": "BTCUSDT", "price": 65003.7, "qty": 0.187, "quote_qty": 12152.49, "taker_side": "BUY", "venue_ts": 1711000111000, "received_ts": 1711000111010}
{"event_type": "trade", "event_id": "trade_38", "venue": "binance", "instrument_key": "BTCUSDT", "price": 65003.8, "qty": 0.2436, "quote_qty": 15836.11, "taker_side": "BUY", "venue_ts": 1711000114000, "received_ts": 1711000114010}
{"event_type": "trade", "event_id": "trade_39", "venue": "binance", "instrument_key": "BTCUSDT", "price": 65003.9, "qty": 0.4608, "quote_qty": 29956.3, "taker_side": "SELL", "venue_ts": 1711000117000, "received_ts": 1711000117010}
{"event_type": "trade", "event_id": "trade_40", "venue": "binance", "instrument_key": "BTCUSDT", "price": 65004.0, "qty": 0.439, "quote_qty": 28536.75, "taker_side": "SELL", "venue_ts": 1711000120000, "received_ts": 1711000120010}
{"event_type": "trade", "event_id": "trade_41", "venue": "binance", "instrument_key": "BTCUSDT", "price": 65004.1, "qty": 0.1697, "quote_qty": 11028.63, "taker_side": "SELL", "venue_ts": 1711000123000, "received_ts": 1711000123010}
{"event_type": "trade", "event_id": "trade_42", "venue": "binance", "instrument_key": "BTCUSDT", "price": 65004.2, "qty": 0.2947, "quote_qty": 19155.36, "taker_side": "SELL", "venue_ts": 1711000126000, "received_ts": 1711000126010}
{"event_type": "trade", "event_id": "trade_43", "venue": "binance", "instrument_key": "BTCUSDT", "price": 65004.3, "qty": 0.3018, "quote_qty": 19618.92, "taker_side": "BUY", "venue_ts": 1711000129000, "received_ts": 1711000129010}
{"event_type": "trade", "event_id": "trade_44", "venue": "binance", "instrument_key": "BTCUSDT", "price": 65004.4, "qty": 0.4867, "quote_qty": 31637.17, "taker_side": "BUY", "venue_ts": 1711000132000, "received_ts": 1711000132010}
{"event_type": "trade", "event_id": "trade_45", "venue": "binance", "instrument_key": "BTCUSDT", "price": 65004.5, "qty": 0.475, "quote_qty": 30877.24, "taker_side": "SELL", "venue_ts": 1711000135000, "received_ts": 1711000135010}
{"event_type": "trade", "event_id": "trade_46", "venue": "binance", "instrument_key": "BTCUSDT", "price": 65004.6, "qty": 0.1555, "quote_qty": 10105.28, "taker_side": "BUY", "venue_ts": 1711000138000, "received_ts": 1711000138010}
{"event_type": "trade", "event_id": "trade_47", "venue": "binance", "instrument_key": "BTCUSDT", "price": 65004.7, "qty": 0.3382, "quote_qty": 21986.24, "taker_side": "BUY", "venue_ts": 1711000141000, "received_ts": 1711000141010}
{"event_type": "trade", "event_id": "trade_48", "venue": "binance", "instrument_key": "BTCUSDT", "price": 65004.8, "qty": 0.3611, "quote_qty": 23470.41, "taker_side": "BUY", "venue_ts": 1711000144000, "received_ts": 1711000144010}
{"event_type": "trade", "event_id": "trade_49", "venue": "binance", "instrument_key": "BTCUSDT", "price": 65004.9, "qty": 0.1158, "quote_qty": 7527.71, "taker_side": "SELL", "venue_ts": 1711000147000, "received_ts": 1711000147010}
{"event_type": "trade", "event_id": "trade_50", "venue": "binance", "instrument_key": "BTCUSDT", "price": 65005.0, "qty": 0.1184, "quote_qty": 7696.58, "taker_side": "SELL", "venue_ts": 1711000150000, "received_ts": 1711000150010}
{"event_type": "trade", "event_id": "trade_51", "venue": "binance", "instrument_key": "BTCUSDT", "price": 65005.1, "qty": 0.3379, "quote_qty": 21967.82, "taker_side": "BUY", "venue_ts": 1711000153000, "received_ts": 1711000153010}
{"event_type": "trade", "event_id": "trade_52", "venue": "binance", "instrument_key": "BTCUSDT", "price": 65005.2, "qty": 0.1115, "quote_qty": 7250.02, "taker_side": "BUY", "venue_ts": 1711000156000, "received_ts": 1711000156010}
{"event_type": "trade", "event_id": "trade_53", "venue": "binance", "instrument_key": "BTCUSDT", "price": 65005.3, "qty": 0.1599, "quote_qty": 10391.15, "taker_side": "BUY", "venue_ts": 1711000159000, "received_ts": 1711000159010}
{"event_type": "trade", "event_id": "trade_54", "venue": "binance", "instrument_key": "BTCUSDT", "price": 65005.4, "qty": 0.1633, "quote_qty": 10616.71, "taker_side": "SELL", "venue_ts": 1711000162000, "received_ts": 1711000162010}
{"event_type": "trade", "event_id": "trade_55", "venue": "binance", "instrument_key": "BTCUSDT", "price": 65005.5, "qty": 0.4292, "quote_qty": 27899.06, "taker_side": "BUY", "venue_ts": 1711000165000, "received_ts": 1711000165010}
{"event_type": "trade", "event_id": "trade_56", "venue": "binance", "instrument_key": "BTCUSDT", "price": 65005.6, "qty": 0.198, "quote_qty": 12871.01, "taker_side": "SELL", "venue_ts": 1711000168000, "received_ts": 1711000168010}
{"event_type": "trade", "event_id": "trade_57", "venue": "binance", "instrument_key": "BTCUSDT", "price": 65005.7, "qty": 0.1239, "quote_qty": 8054.5, "taker_side": "BUY", "venue_ts": 1711000171000, "received_ts": 1711000171010}
{"event_type": "trade", "event_id": "trade_58", "venue": "binance", "instrument_key": "BTCUSDT", "price": 65005.8, "qty": 0.2296, "quote_qty": 14922.77, "taker_side": "BUY", "venue_ts": 1711000174000, "received_ts": 1711000174010}
{"event_type": "trade", "event_id": "trade_59", "venue": "binance", "instrument_key": "BTCUSDT", "price": 65005.9, "qty": 0.425, "quote_qty": 27627.36, "taker_side": "BUY", "venue_ts": 1711000177000, "received_ts": 1711000177010}
{"event_type": "trade", "event_id": "trade_60", "venue": "binance", "instrument_key": "BTCUSDT", "price": 65006.0, "qty": 0.258, "quote_qty": 16770.28, "taker_side": "BUY", "venue_ts": 1711000180000, "received_ts": 1711000180010}
{"event_type": "trade", "event_id": "trade_61", "venue": "binance", "instrument_key": "BTCUSDT", "price": 65006.1, "qty": 0.3717, "quote_qty": 24163.77, "taker_side": "BUY", "venue_ts": 1711000183000, "received_ts": 1711000183010}
{"event_type": "trade", "event_id": "trade_62", "venue": "binance", "instrument_key": "BTCUSDT", "price": 65006.2, "qty": 0.2214, "quote_qty": 14390.35, "taker_side": "SELL", "venue_ts": 1711000186000, "received_ts": 1711000186010}
{"event_type": "trade", "event_id": "trade_63", "venue": "binance", "instrument_key": "BTCUSDT", "price": 65006.3, "qty": 0.3122, "quote_qty": 20292.92, "taker_side": "BUY", "venue_ts": 1711000189000, "received_ts": 1711000189010}
{"event_type": "trade", "event_id": "trade_64", "venue": "binance", "instrument_key": "BTCUSDT", "price": 65006.4, "qty": 0.4815, "quote_qty": 31298.07, "taker_side": "SELL", "venue_ts": 1711000192000, "received_ts": 1711000192010}
{"event_type": "trade", "event_id": "trade_65", "venue": "binance", "instrument_key": "BTCUSDT", "price": 65006.5, "qty": 0.1862, "quote_qty": 12105.35, "taker_side": "SELL", "venue_ts": 1711000195000, "received_ts": 1711000195010}
{"event_type": "trade", "event_id": "trade_66", "venue": "binance", "instrument_key": "BTCUSDT", "price": 65006.6, "qty": 0.1628, "quote_qty": 10581.11, "taker_side": "BUY", "venue_ts": 1711000198000, "received_ts": 1711000198010}
{"event_type": "trade", "event_id": "trade_67", "venue": "binance", "instrument_key": "BTCUSDT", "price": 65006.7, "qty": 0.3538, "quote_qty": 22996.5, "taker_side": "SELL", "venue_ts": 1711000201000, "received_ts": 1711000201010}
{"event_type": "trade", "event_id": "trade_68", "venue": "binance", "instrument_key": "BTCUSDT", "price": 65006.8, "qty": 0.3844, "quote_qty": 24987.86, "taker_side": "SELL", "venue_ts": 1711000204000, "received_ts": 1711000204010}
{"event_type": "trade", "event_id": "trade_69", "venue": "binance", "instrument_key": "BTCUSDT", "price": 65006.9, "qty": 0.2497, "quote_qty": 16233.88, "taker_side": "SELL", "venue_ts": 1711000207000, "received_ts": 1711000207010}
{"event_type": "trade", "event_id": "trade_70", "venue": "binance", "instrument_key": "BTCUSDT", "price": 65007.0, "qty": 0.2412, "quote_qty": 15678.03, "taker_side": "SELL", "venue_ts": 1711000210000, "received_ts": 1711000210010}
{"event_type": "trade", "event_id": "trade_71", "venue": "binance", "instrument_key": "BTCUSDT", "price": 65007.1, "qty": 0.1464, "quote_qty": 9516.52, "taker_side": "SELL", "venue_ts": 1711000213000, "received_ts": 1711000213010}
{"event_type": "trade", "event_id": "trade_72", "venue": "binance", "instrument_key": "BTCUSDT", "price": 65007.2, "qty": 0.1064, "quote_qty": 6916.17, "taker_side": "BUY", "venue_ts": 1711000216000, "received_ts": 1711000216010}
{"event_type": "trade", "event_id": "trade_73", "venue": "binance", "instrument_key": "BTCUSDT", "price": 65007.3, "qty": 0.4425, "quote_qty": 28763.9, "taker_side": "BUY", "venue_ts": 1711000219000, "received_ts": 1711000219010}
{"event_type": "trade", "event_id": "trade_74", "venue": "binance", "instrument_key": "BTCUSDT", "price": 65007.4, "qty": 0.474, "quote_qty": 30814.39, "taker_side": "SELL", "venue_ts": 1711000222000, "received_ts": 1711000222010}
{"event_type": "trade", "event_id": "trade_75", "venue": "binance", "instrument_key": "BTCUSDT", "price": 65007.5, "qty": 0.1891, "quote_qty": 12295.97, "taker_side": "SELL", "venue_ts": 1711000225000, "received_ts": 1711000225010}
{"event_type": "trade", "event_id": "trade_76", "venue": "binance", "instrument_key": "BTCUSDT", "price": 65007.6, "qty": 0.2327, "quote_qty": 15130.37, "taker_side": "BUY", "venue_ts": 1711000228000, "received_ts": 1711000228010}
{"event_type": "trade", "event_id": "trade_77", "venue": "binance", "instrument_key": "BTCUSDT", "price": 65007.7, "qty": 0.4355, "quote_qty": 28309.56, "taker_side": "SELL", "venue_ts": 1711000231000, "received_ts": 1711000231010}
{"event_type": "trade", "event_id": "trade_78", "venue": "binance", "instrument_key": "BTCUSDT", "price": 65007.8, "qty": 0.2873, "quote_qty": 18679.71, "taker_side": "SELL", "venue_ts": 1711000234000, "received_ts": 1711000234010}
{"event_type": "trade", "event_id": "trade_79", "venue": "binance", "instrument_key": "BTCUSDT", "price": 65007.9, "qty": 0.3998, "quote_qty": 25990.22, "taker_side": "BUY", "venue_ts": 1711000237000, "received_ts": 1711000237010}
{"event_type": "trade", "event_id": "trade_80", "venue": "binance", "instrument_key": "BTCUSDT", "price": 65008.0, "qty": 0.2939, "quote_qty": 19106.37, "taker_side": "SELL", "venue_ts": 1711000240000, "received_ts": 1711000240010}
{"event_type": "trade", "event_id": "trade_81", "venue": "binance", "instrument_key": "BTCUSDT", "price": 65008.1, "qty": 0.3823, "quote_qty": 24849.94, "taker_side": "BUY", "venue_ts": 1711000243000, "received_ts": 1711000243010}
{"event_type": "trade", "event_id": "trade_82", "venue": "binance", "instrument_key": "BTCUSDT", "price": 65008.2, "qty": 0.2493, "quote_qty": 16208.33, "taker_side": "BUY", "venue_ts": 1711000246000, "received_ts": 1711000246010}
{"event_type": "trade", "event_id": "trade_83", "venue": "binance", "instrument_key": "BTCUSDT", "price": 65008.3, "qty": 0.1635, "quote_qty": 10628.28, "taker_side": "BUY", "venue_ts": 1711000249000, "received_ts": 1711000249010}
{"event_type": "trade", "event_id": "trade_84", "venue": "binance", "instrument_key": "BTCUSDT", "price": 65008.4, "qty": 0.1655, "quote_qty": 10757.57, "taker_side": "BUY", "venue_ts": 1711000252000, "received_ts": 1711000252010}
{"event_type": "trade", "event_id": "trade_85", "venue": "binance", "instrument_key": "BTCUSDT", "price": 65008.5, "qty": 0.1193, "quote_qty": 7753.78, "taker_side": "BUY", "venue_ts": 1711000255000, "received_ts": 1711000255010}
{"event_type": "trade", "event_id": "trade_86", "venue": "binance", "instrument_key": "BTCUSDT", "price": 65008.6, "qty": 0.305, "quote_qty": 19830.8, "taker_side": "SELL", "venue_ts": 1711000258000, "received_ts": 1711000258010}
{"event_type": "trade", "event_id": "trade_87", "venue": "binance", "instrument_key": "BTCUSDT", "price": 65008.7, "qty": 0.2443, "quote_qty": 15881.72, "taker_side": "BUY", "venue_ts": 1711000261000, "received_ts": 1711000261010}
{"event_type": "trade", "event_id": "trade_88", "venue": "binance", "instrument_key": "BTCUSDT", "price": 65008.8, "qty": 0.2373, "quote_qty": 15428.24, "taker_side": "BUY", "venue_ts": 1711000264000, "received_ts": 1711000264010}
{"event_type": "trade", "event_id": "trade_89", "venue": "binance", "instrument_key": "BTCUSDT", "price": 65008.9, "qty": 0.1543, "quote_qty": 10030.98, "taker_side": "BUY", "venue_ts": 1711000267000, "received_ts": 1711000267010}
{"event_type": "trade", "event_id": "trade_90", "venue": "binance", "instrument_key": "BTCUSDT", "price": 65009.0, "qty": 0.2748, "quote_qty": 17863.01, "taker_side": "BUY", "venue_ts": 1711000270000, "received_ts": 1711000270010}
{"event_type": "trade", "event_id": "trade_91", "venue": "binance", "instrument_key": "BTCUSDT", "price": 65009.1, "qty": 0.484, "quote_qty": 31462.9, "taker_side": "SELL", "venue_ts": 1711000273000, "received_ts": 1711000273010}
{"event_type": "trade", "event_id": "trade_92", "venue": "binance", "instrument_key": "BTCUSDT", "price": 65009.2, "qty": 0.2714, "quote_qty": 17644.87, "taker_side": "BUY", "venue_ts": 1711000276000, "received_ts": 1711000276010}
{"event_type": "trade", "event_id": "trade_93", "venue": "binance", "instrument_key": "BTCUSDT", "price": 65009.3, "qty": 0.2281, "quote_qty": 14826.61, "taker_side": "BUY", "venue_ts": 1711000279000, "received_ts": 1711000279010}
{"event_type": "trade", "event_id": "trade_94", "venue": "binance", "instrument_key": "BTCUSDT", "price": 65009.4, "qty": 0.3867, "quote_qty": 25140.29, "taker_side": "SELL", "venue_ts": 1711000282000, "received_ts": 1711000282010}
{"event_type": "trade", "event_id": "trade_95", "venue": "binance", "instrument_key": "BTCUSDT", "price": 65009.5, "qty": 0.2884, "quote_qty": 18749.18, "taker_side": "SELL", "venue_ts": 1711000285000, "received_ts": 1711000285010}
{"event_type": "trade", "event_id": "trade_96", "venue": "binance", "instrument_key": "BTCUSDT", "price": 65009.6, "qty": 0.1244, "quote_qty": 8090.14, "taker_side": "SELL", "venue_ts": 1711000288000, "received_ts": 1711000288010}
{"event_type": "trade", "event_id": "trade_97", "venue": "binance", "instrument_key": "BTCUSDT", "price": 65009.7, "qty": 0.1908, "quote_qty": 12402.65, "taker_side": "SELL", "venue_ts": 1711000291000, "received_ts": 1711000291010}
{"event_type": "trade", "event_id": "trade_98", "venue": "binance", "instrument_key": "BTCUSDT", "price": 65009.8, "qty": 0.1331, "quote_qty": 8653.34, "taker_side": "BUY", "venue_ts": 1711000294000, "received_ts": 1711000294010}
{"event_type": "trade", "event_id": "trade_99", "venue": "binance", "instrument_key": "BTCUSDT", "price": 65009.9, "qty": 0.3016, "quote_qty": 19607.8, "taker_side": "BUY", "venue_ts": 1711000297000, "received_ts": 1711000297010}
{"event_type": "trade", "event_id": "trade_100", "venue": "binance", "instrument_key": "BTCUSDT", "price": 65010.0, "qty": 3.7816, "quote_qty": 245840.04, "taker_side": "BUY", "venue_ts": 1711000300000, "received_ts": 1711000300010}
{"event_type": "trade", "event_id": "trade_101", "venue": "binance", "instrument_key": "BTCUSDT", "price": 65010.5, "qty": 2.7807, "quote_qty": 180775.8, "taker_side": "BUY", "venue_ts": 1711000303000, "received_ts": 1711000303010}
{"event_type": "trade", "event_id": "trade_102", "venue": "binance", "instrument_key": "BTCUSDT", "price": 65011.0, "qty": 1.6919, "quote_qty": 109992.63, "taker_side": "BUY", "venue_ts": 1711000306000, "received_ts": 1711000306010}
{"event_type": "trade", "event_id": "trade_103", "venue": "binance", "instrument_key": "BTCUSDT", "price": 65011.5, "qty": 1.1515, "quote_qty": 74858.46, "taker_side": "BUY", "venue_ts": 1711000309000, "received_ts": 1711000309010}
{"event_type": "trade", "event_id": "trade_104", "venue": "binance", "instrument_key": "BTCUSDT", "price": 65012.0, "qty": 4.7688, "quote_qty": 310031.56, "taker_side": "BUY", "venue_ts": 1711000312000, "received_ts": 1711000312010}
{"event_type": "trade", "event_id": "trade_105", "venue": "binance", "instrument_key": "BTCUSDT", "price": 65012.5, "qty": 4.2815, "quote_qty": 278352.43, "taker_side": "BUY", "venue_ts": 1711000315000, "received_ts": 1711000315010}
{"event_type": "trade", "event_id": "trade_106", "venue": "binance", "instrument_key": "BTCUSDT", "price": 65013.0, "qty": 4.8894, "quote_qty": 317872.65, "taker_side": "SELL", "venue_ts": 1711000318000, "received_ts": 1711000318010}
{"event_type": "trade", "event_id": "trade_107", "venue": "binance", "instrument_key": "BTCUSDT", "price": 65013.5, "qty": 3.1278, "quote_qty": 203349.52, "taker_side": "BUY", "venue_ts": 1711000321000, "received_ts": 1711000321010}
{"event_type": "trade", "event_id": "trade_108", "venue": "binance", "instrument_key": "BTCUSDT", "price": 65014.0, "qty": 2.1233, "quote_qty": 138042.34, "taker_side": "BUY", "venue_ts": 1711000324000, "received_ts": 1711000324010}
{"event_type": "trade", "event_id": "trade_109", "venue": "binance", "instrument_key": "BTCUSDT", "price": 65014.5, "qty": 3.1957, "quote_qty": 207767.96, "taker_side": "BUY", "venue_ts": 1711000327000, "received_ts": 1711000327010}
{"event_type": "trade", "event_id": "trade_110", "venue": "binance", "instrument_key": "BTCUSDT", "price": 65015.0, "qty": 2.8867, "quote_qty": 187681.69, "taker_side": "BUY", "venue_ts": 1711000330000, "received_ts": 1711000330010}
{"event_type": "trade", "event_id": "trade_111", "venue": "binance", "instrument_key": "BTCUSDT", "price": 65015.5, "qty": 2.0367, "quote_qty": 132416.1, "taker_side": "BUY", "venue_ts": 1711000333000, "received_ts": 1711000333010}
{"event_type": "trade", "event_id": "trade_112", "venue": "binance", "instrument_key": "BTCUSDT", "price": 65016.0, "qty": 3.1489, "quote_qty": 204727.45, "taker_side": "BUY", "venue_ts": 1711000336000, "received_ts": 1711000336010}
{"event_type": "trade", "event_id": "trade_113", "venue": "binance", "instrument_key": "BTCUSDT", "price": 65016.5, "qty": 4.3152, "quote_qty": 280559.63, "taker_side": "BUY", "venue_ts": 1711000339000, "received_ts": 1711000339010}
{"event_type": "trade", "event_id": "trade_114", "venue": "binance", "instrument_key": "BTCUSDT", "price": 65017.0, "qty": 4.5472, "quote_qty": 295643.82, "taker_side": "BUY", "venue_ts": 1711000342000, "received_ts": 1711000342010}
{"event_type": "trade", "event_id": "trade_115", "venue": "binance", "instrument_key": "BTCUSDT", "price": 65017.5, "qty": 1.6583, "quote_qty": 107817.56, "taker_side": "SELL", "venue_ts": 1711000345000, "received_ts": 1711000345010}
{"event_type": "trade", "event_id": "trade_116", "venue": "binance", "instrument_key": "BTCUSDT", "price": 65018.0, "qty": 1.9334, "quote_qty": 125705.17, "taker_side": "SELL", "venue_ts": 1711000348000, "received_ts": 1711000348010}
{"event_type": "trade", "event_id": "trade_117", "venue": "binance", "instrument_key": "BTCUSDT", "price": 65018.5, "qty": 3.5429, "quote_qty": 230356.25, "taker_side": "SELL", "venue_ts": 1711000351000, "received_ts": 1711000351010}
{"event_type": "trade", "event_id": "trade_118", "venue": "binance", "instrument_key": "BTCUSDT", "price": 65019.0, "qty": 4.4841, "quote_qty": 291552.11, "taker_side": "SELL", "venue_ts": 1711000354000, "received_ts": 1711000354010}
{"event_type": "trade", "event_id": "trade_119", "venue": "binance", "instrument_key": "BTCUSDT", "price": 65019.5, "qty": 1.6339, "quote_qty": 106233.04, "taker_side": "SELL", "venue_ts": 1711000357000, "received_ts": 1711000357010}
{"event_type": "trade", "event_id": "trade_120", "venue": "binance", "instrument_key": "BTCUSDT", "price": 65020.0, "qty": 2.7302, "quote_qty": 177520.41, "taker_side": "BUY", "venue_ts": 1711000360000, "received_ts": 1711000360010}
{"event_type": "trade", "event_id": "trade_121", "venue": "binance", "instrument_key": "BTCUSDT", "price": 65020.5, "qty": 3.0648, "quote_qty": 199274.05, "taker_side": "BUY", "venue_ts": 1711000363000, "received_ts": 1711000363010}
{"event_type": "trade", "event_id": "trade_122", "venue": "binance", "instrument_key": "BTCUSDT", "price": 65021.0, "qty": 3.8539, "quote_qty": 250585.86, "taker_side": "BUY", "venue_ts": 1711000366000, "received_ts": 1711000366010}
{"event_type": "trade", "event_id": "trade_123", "venue": "binance", "instrument_key": "BTCUSDT", "price": 65021.5, "qty": 4.2316, "quote_qty": 275144.64, "taker_side": "SELL", "venue_ts": 1711000369000, "received_ts": 1711000369010}
{"event_type": "trade", "event_id": "trade_124", "venue": "binance", "instrument_key": "BTCUSDT", "price": 65022.0, "qty": 1.7588, "quote_qty": 114360.29, "taker_side": "BUY", "venue_ts": 1711000372000, "received_ts": 1711000372010}
{"event_type": "trade", "event_id": "trade_125", "venue": "binance", "instrument_key": "BTCUSDT", "price": 65022.5, "qty": 4.9263, "quote_qty": 320318.72, "taker_side": "BUY", "venue_ts": 1711000375000, "received_ts": 1711000375010}
{"event_type": "trade", "event_id": "trade_126", "venue": "binance", "instrument_key": "BTCUSDT", "price": 65023.0, "qty": 1.2165, "quote_qty": 79102.96, "taker_side": "BUY", "venue_ts": 1711000378000, "received_ts": 1711000378010}
{"event_type": "trade", "event_id": "trade_127", "venue": "binance", "instrument_key": "BTCUSDT", "price": 65023.5, "qty": 2.8116, "quote_qty": 182821.97, "taker_side": "BUY", "venue_ts": 1711000381000, "received_ts": 1711000381010}
{"event_type": "trade", "event_id": "trade_128", "venue": "binance", "instrument_key": "BTCUSDT", "price": 65024.0, "qty": 1.5398, "quote_qty": 100126.72, "taker_side": "BUY", "venue_ts": 1711000384000, "received_ts": 1711000384010}
{"event_type": "trade", "event_id": "trade_129", "venue": "binance", "instrument_key": "BTCUSDT", "price": 65024.5, "qty": 4.1985, "quote_qty": 273005.08, "taker_side": "SELL", "venue_ts": 1711000387000, "received_ts": 1711000387010}
{"event_type": "trade", "event_id": "trade_130", "venue": "binance", "instrument_key": "BTCUSDT", "price": 65025.0, "qty": 4.019, "quote_qty": 261337.38, "taker_side": "SELL", "venue_ts": 1711000390000, "received_ts": 1711000390010}
{"event_type": "trade", "event_id": "trade_131", "venue": "binance", "instrument_key": "BTCUSDT", "price": 65025.5, "qty": 2.6118, "quote_qty": 169833.22, "taker_side": "BUY", "venue_ts": 1711000393000, "received_ts": 1711000393010}
{"event_type": "trade", "event_id": "trade_132", "venue": "binance", "instrument_key": "BTCUSDT", "price": 65026.0, "qty": 4.4478, "quote_qty": 289219.43, "taker_side": "BUY", "venue_ts": 1711000396000, "received_ts": 1711000396010}
{"event_type": "trade", "event_id": "trade_133", "venue": "binance", "instrument_key": "BTCUSDT", "price": 65026.5, "qty": 4.3853, "quote_qty": 285163.9, "taker_side": "BUY", "venue_ts": 1711000399000, "received_ts": 1711000399010}
{"event_type": "trade", "event_id": "trade_134", "venue": "binance", "instrument_key": "BTCUSDT", "price": 65027.0, "qty": 3.0435, "quote_qty": 197909.48, "taker_side": "BUY", "venue_ts": 1711000402000, "received_ts": 1711000402010}
{"event_type": "trade", "event_id": "trade_135", "venue": "binance", "instrument_key": "BTCUSDT", "price": 65027.5, "qty": 4.4484, "quote_qty": 289268.27, "taker_side": "BUY", "venue_ts": 1711000405000, "received_ts": 1711000405010}
{"event_type": "trade", "event_id": "trade_136", "venue": "binance", "instrument_key": "BTCUSDT", "price": 65028.0, "qty": 2.5804, "quote_qty": 167796.91, "taker_side": "BUY", "venue_ts": 1711000408000, "received_ts": 1711000408010}
{"event_type": "trade", "event_id": "trade_137", "venue": "binance", "instrument_key": "BTCUSDT", "price": 65028.5, "qty": 4.7539, "quote_qty": 309137.82, "taker_side": "BUY", "venue_ts": 1711000411000, "received_ts": 1711000411010}
{"event_type": "trade", "event_id": "trade_138", "venue": "binance", "instrument_key": "BTCUSDT", "price": 65029.0, "qty": 3.6672, "quote_qty": 238471.4, "taker_side": "BUY", "venue_ts": 1711000414000, "received_ts": 1711000414010}
{"event_type": "trade", "event_id": "trade_139", "venue": "binance", "instrument_key": "BTCUSDT", "price": 65029.5, "qty": 3.4137, "quote_qty": 221991.85, "taker_side": "SELL", "venue_ts": 1711000417000, "received_ts": 1711000417010}
{"event_type": "trade", "event_id": "trade_140", "venue": "binance", "instrument_key": "BTCUSDT", "price": 65030.0, "qty": 1.831, "quote_qty": 119071.76, "taker_side": "SELL", "venue_ts": 1711000420000, "received_ts": 1711000420010}
{"event_type": "trade", "event_id": "trade_141", "venue": "binance", "instrument_key": "BTCUSDT", "price": 65030.5, "qty": 2.9163, "quote_qty": 189650.2, "taker_side": "BUY", "venue_ts": 1711000423000, "received_ts": 1711000423010}
{"event_type": "trade", "event_id": "trade_142", "venue": "binance", "instrument_key": "BTCUSDT", "price": 65031.0, "qty": 3.5181, "quote_qty": 228788.56, "taker_side": "BUY", "venue_ts": 1711000426000, "received_ts": 1711000426010}
{"event_type": "trade", "event_id": "trade_143", "venue": "binance", "instrument_key": "BTCUSDT", "price": 65031.5, "qty": 2.1577, "quote_qty": 140318.88, "taker_side": "BUY", "venue_ts": 1711000429000, "received_ts": 1711000429010}
{"event_type": "trade", "event_id": "trade_144", "venue": "binance", "instrument_key": "BTCUSDT", "price": 65032.0, "qty": 1.02, "quote_qty": 66332.53, "taker_side": "BUY", "venue_ts": 1711000432000, "received_ts": 1711000432010}
{"event_type": "trade", "event_id": "trade_145", "venue": "binance", "instrument_key": "BTCUSDT", "price": 65032.5, "qty": 1.6389, "quote_qty": 106582.19, "taker_side": "BUY", "venue_ts": 1711000435000, "received_ts": 1711000435010}
{"event_type": "trade", "event_id": "trade_146", "venue": "binance", "instrument_key": "BTCUSDT", "price": 65033.0, "qty": 3.3363, "quote_qty": 216970.18, "taker_side": "BUY", "venue_ts": 1711000438000, "received_ts": 1711000438010}
{"event_type": "trade", "event_id": "trade_147", "venue": "binance", "instrument_key": "BTCUSDT", "price": 65033.5, "qty": 2.4134, "quote_qty": 156951.46, "taker_side": "BUY", "venue_ts": 1711000441000, "received_ts": 1711000441010}
{"event_type": "trade", "event_id": "trade_148", "venue": "binance", "instrument_key": "BTCUSDT", "price": 65034.0, "qty": 1.5849, "quote_qty": 103075.01, "taker_side": "BUY", "venue_ts": 1711000444000, "received_ts": 1711000444010}
{"event_type": "trade", "event_id": "trade_149", "venue": "binance", "instrument_key": "BTCUSDT", "price": 65034.5, "qty": 3.2582, "quote_qty": 211894.05, "taker_side": "BUY", "venue_ts": 1711000447000, "received_ts": 1711000447010}
{"event_type": "trade", "event_id": "trade_150", "venue": "binance", "instrument_key": "BTCUSDT", "price": 65035.0, "qty": 1.4455, "quote_qty": 94010.53, "taker_side": "SELL", "venue_ts": 1711000450000, "received_ts": 1711000450010}
{"event_type": "trade", "event_id": "trade_151", "venue": "binance", "instrument_key": "BTCUSDT", "price": 65035.5, "qty": 2.6768, "quote_qty": 174086.22, "taker_side": "BUY", "venue_ts": 1711000453000, "received_ts": 1711000453010}
{"event_type": "trade", "event_id": "trade_152", "venue": "binance", "instrument_key": "BTCUSDT", "price": 65036.0, "qty": 1.4704, "quote_qty": 95627.31, "taker_side": "SELL", "venue_ts": 1711000456000, "received_ts": 1711000456010}
{"event_type": "trade", "event_id": "trade_153", "venue": "binance", "instrument_key": "BTCUSDT", "price": 65036.5, "qty": 4.5986, "quote_qty": 299078.58, "taker_side": "BUY", "venue_ts": 1711000459000, "received_ts": 1711000459010}
{"event_type": "trade", "event_id": "trade_154", "venue": "binance", "instrument_key": "BTCUSDT", "price": 65037.0, "qty": 1.6667, "quote_qty": 108397.29, "taker_side": "BUY", "venue_ts": 1711000462000, "received_ts": 1711000462010}
{"event_type": "trade", "event_id": "trade_155", "venue": "binance", "instrument_key": "BTCUSDT", "price": 65037.5, "qty": 1.6591, "quote_qty": 107901.16, "taker_side": "BUY", "venue_ts": 1711000465000, "received_ts": 1711000465010}
{"event_type": "trade", "event_id": "trade_156", "venue": "binance", "instrument_key": "BTCUSDT", "price": 65038.0, "qty": 3.9376, "quote_qty": 256094.38, "taker_side": "SELL", "venue_ts": 1711000468000, "received_ts": 1711000468010}
{"event_type": "trade", "event_id": "trade_157", "venue": "binance", "instrument_key": "BTCUSDT", "price": 65038.5, "qty": 4.237, "quote_qty": 275570.09, "taker_side": "SELL", "venue_ts": 1711000471000, "received_ts": 1711000471010}
{"event_type": "trade", "event_id": "trade_158", "venue": "binance", "instrument_key": "BTCUSDT", "price": 65039.0, "qty": 3.5043, "quote_qty": 227918.62, "taker_side": "SELL", "venue_ts": 1711000474000, "received_ts": 1711000474010}
{"event_type": "trade", "event_id": "trade_159", "venue": "binance", "instrument_key": "BTCUSDT", "price": 65039.5, "qty": 1.2645, "quote_qty": 82240.28, "taker_side": "SELL", "venue_ts": 1711000477000, "received_ts": 1711000477010}
{"event_type": "trade", "event_id": "trade_160", "venue": "binance", "instrument_key": "BTCUSDT", "price": 65040.0, "qty": 1.1048, "quote_qty": 71859.1, "taker_side": "BUY", "venue_ts": 1711000480000, "received_ts": 1711000480010}
{"event_type": "trade", "event_id": "trade_161", "venue": "binance", "instrument_key": "BTCUSDT", "price": 65040.5, "qty": 3.844, "quote_qty": 250017.96, "taker_side": "BUY", "venue_ts": 1711000483000, "received_ts": 1711000483010}
{"event_type": "trade", "event_id": "trade_162", "venue": "binance", "instrument_key": "BTCUSDT", "price": 65041.0, "qty": 2.0659, "quote_qty": 134370.55, "taker_side": "BUY", "venue_ts": 1711000486000, "received_ts": 1711000486010}
{"event_type": "trade", "event_id": "trade_163", "venue": "binance", "instrument_key": "BTCUSDT", "price": 65041.5, "qty": 2.7944, "quote_qty": 181750.11, "taker_side": "BUY", "venue_ts": 1711000489000, "received_ts": 1711000489010}
{"event_type": "trade", "event_id": "trade_164", "venue": "binance", "instrument_key": "BTCUSDT", "price": 65042.0, "qty": 4.2281, "quote_qty": 275007.17, "taker_side": "BUY", "venue_ts": 1711000492000, "received_ts": 1711000492010}
{"event_type": "trade", "event_id": "trade_165", "venue": "binance", "instrument_key": "BTCUSDT", "price": 65042.5, "qty": 1.023, "quote_qty": 66535.31, "taker_side": "BUY", "venue_ts": 1711000495000, "received_ts": 1711000495010}
{"event_type": "trade", "event_id": "trade_166", "venue": "binance", "instrument_key": "BTCUSDT", "price": 65043.0, "qty": 1.4747, "quote_qty": 95917.7, "taker_side": "SELL", "venue_ts": 1711000498000, "received_ts": 1711000498010}
{"event_type": "trade", "event_id": "trade_167", "venue": "binance", "instrument_key": "BTCUSDT", "price": 65043.5, "qty": 4.4575, "quote_qty": 289933.82, "taker_side": "BUY", "venue_ts": 1711000501000, "received_ts": 1711000501010}
{"event_type": "trade", "event_id": "trade_168", "venue": "binance", "instrument_key": "BTCUSDT", "price": 65044.0, "qty": 3.7783, "quote_qty": 245756.76, "taker_side": "BUY", "venue_ts": 1711000504000, "received_ts": 1711000504010}
{"event_type": "trade", "event_id": "trade_169", "venue": "binance", "instrument_key": "BTCUSDT", "price": 65044.5, "qty": 2.7377, "quote_qty": 178070.01, "taker_side": "SELL", "venue_ts": 1711000507000, "received_ts": 1711000507010}
{"event_type": "trade", "event_id": "trade_170", "venue": "binance", "instrument_key": "BTCUSDT", "price": 65045.0, "qty": 2.9231, "quote_qty": 190135.6, "taker_side": "BUY", "venue_ts": 1711000510000, "received_ts": 1711000510010}
{"event_type": "trade", "event_id": "trade_171", "venue": "binance", "instrument_key": "BTCUSDT", "price": 65045.5, "qty": 4.97, "quote_qty": 323277.01, "taker_side": "BUY", "venue_ts": 1711000513000, "received_ts": 1711000513010}
{"event_type": "trade", "event_id": "trade_172", "venue": "binance", "instrument_key": "BTCUSDT", "price": 65046.0, "qty": 4.2189, "quote_qty": 274420.87, "taker_side": "BUY", "venue_ts": 1711000516000, "received_ts": 1711000516010}
{"event_type": "trade", "event_id": "trade_173", "venue": "binance", "instrument_key": "BTCUSDT", "price": 65046.5, "qty": 2.8058, "quote_qty": 182508.87, "taker_side": "BUY", "venue_ts": 1711000519000, "received_ts": 1711000519010}
{"event_type": "trade", "event_id": "trade_174", "venue": "binance", "instrument_key": "BTCUSDT", "price": 65047.0, "qty": 3.2599, "quote_qty": 212044.56, "taker_side": "BUY", "venue_ts": 1711000522000, "received_ts": 1711000522010}
{"event_type": "trade", "event_id": "trade_175", "venue": "binance", "instrument_key": "BTCUSDT", "price": 65047.5, "qty": 3.6662, "quote_qty": 238479.65, "taker_side": "BUY", "venue_ts": 1711000525000, "received_ts": 1711000525010}
{"event_type": "trade", "event_id": "trade_176", "venue": "binance", "instrument_key": "BTCUSDT", "price": 65048.0, "qty": 1.5685, "quote_qty": 102027.17, "taker_side": "BUY", "venue_ts": 1711000528000, "received_ts": 1711000528010}
{"event_type": "trade", "event_id": "trade_177", "venue": "binance", "instrument_key": "BTCUSDT", "price": 65048.5, "qty": 2.7617, "quote_qty": 179641.73, "taker_side": "BUY", "venue_ts": 1711000531000, "received_ts": 1711000531010}
{"event_type": "trade", "event_id": "trade_178", "venue": "binance", "instrument_key": "BTCUSDT", "price": 65049.0, "qty": 2.709, "quote_qty": 176218.38, "taker_side": "BUY", "venue_ts": 1711000534000, "received_ts": 1711000534010}
{"event_type": "trade", "event_id": "trade_179", "venue": "binance", "instrument_key": "BTCUSDT", "price": 65049.5, "qty": 2.1338, "quote_qty": 138800.24, "taker_side": "BUY", "venue_ts": 1711000537000, "received_ts": 1711000537010}
{"event_type": "trade", "event_id": "trade_180", "venue": "binance", "instrument_key": "BTCUSDT", "price": 65050.0, "qty": 1.6033, "quote_qty": 104294.43, "taker_side": "BUY", "venue_ts": 1711000540000, "received_ts": 1711000540010}
{"event_type": "trade", "event_id": "trade_181", "venue": "binance", "instrument_key": "BTCUSDT", "price": 65050.5, "qty": 3.4935, "quote_qty": 227253.6, "taker_side": "BUY", "venue_ts": 1711000543000, "received_ts": 1711000543010}
{"event_type": "trade", "event_id": "trade_182", "venue": "binance", "instrument_key": "BTCUSDT", "price": 65051.0, "qty": 4.5334, "quote_qty": 294899.9, "taker_side": "BUY", "venue_ts": 1711000546000, "received_ts": 1711000546010}
{"event_type": "trade", "event_id": "trade_183", "venue": "binance", "instrument_key": "BTCUSDT", "price": 65051.5, "qty": 2.8776, "quote_qty": 187194.17, "taker_side": "BUY", "venue_ts": 1711000549000, "received_ts": 1711000549010}
{"event_type": "trade", "event_id": "trade_184", "venue": "binance", "instrument_key": "BTCUSDT", "price": 65052.0, "qty": 1.8327, "quote_qty": 119218.08, "taker_side": "BUY", "venue_ts": 1711000552000, "received_ts": 1711000552010}
{"event_type": "trade", "event_id": "trade_185", "venue": "binance", "instrument_key": "BTCUSDT", "price": 65052.5, "qty": 1.3649, "quote_qty": 88788.52, "taker_side": "SELL", "venue_ts": 1711000555000, "received_ts": 1711000555010}
{"event_type": "trade", "event_id": "trade_186", "venue": "binance", "instrument_key": "BTCUSDT", "price": 65053.0, "qty": 2.4971, "quote_qty": 162445.97, "taker_side": "SELL", "venue_ts": 1711000558000, "received_ts": 1711000558010}
{"event_type": "trade", "event_id": "trade_187", "venue": "binance", "instrument_key": "BTCUSDT", "price": 65053.5, "qty": 4.6977, "quote_qty": 305600.57, "taker_side": "SELL", "venue_ts": 1711000561000, "received_ts": 1711000561010}
{"event_type": "trade", "event_id": "trade_188", "venue": "binance", "instrument_key": "BTCUSDT", "price": 65054.0, "qty": 1.7371, "quote_qty": 113005.08, "taker_side": "BUY", "venue_ts": 1711000564000, "received_ts": 1711000564010}
{"event_type": "trade", "event_id": "trade_189", "venue": "binance", "instrument_key": "BTCUSDT", "price": 65054.5, "qty": 1.1105, "quote_qty": 72242.14, "taker_side": "SELL", "venue_ts": 1711000567000, "received_ts": 1711000567010}
{"event_type": "trade", "event_id": "trade_190", "venue": "binance", "instrument_key": "BTCUSDT", "price": 65055.0, "qty": 1.0812, "quote_qty": 70339.96, "taker_side": "SELL", "venue_ts": 1711000570000, "received_ts": 1711000570010}
{"event_type": "trade", "event_id": "trade_191", "venue": "binance", "instrument_key": "BTCUSDT", "price": 65055.5, "qty": 2.7558, "quote_qty": 179282.49, "taker_side": "BUY", "venue_ts": 1711000573000, "received_ts": 1711000573010}
{"event_type": "trade", "event_id": "trade_192", "venue": "binance", "instrument_key": "BTCUSDT", "price": 65056.0, "qty": 2.0512, "quote_qty": 133444.01, "taker_side": "BUY", "venue_ts": 1711000576000, "received_ts": 1711000576010}
{"event_type": "trade", "event_id": "trade_193", "venue": "binance", "instrument_key": "BTCUSDT", "price": 65056.5, "qty": 4.4289, "quote_qty": 288128.46, "taker_side": "BUY", "venue_ts": 1711000579000, "received_ts": 1711000579010}
{"event_type": "trade", "event_id": "trade_194", "venue": "binance", "instrument_key": "BTCUSDT", "price": 65057.0, "qty": 1.9576, "quote_qty": 127353.49, "taker_side": "BUY", "venue_ts": 1711000582000, "received_ts": 1711000582010}
{"event_type": "trade", "event_id": "trade_195", "venue": "binance", "instrument_key": "BTCUSDT", "price": 65057.5, "qty": 2.3718, "quote_qty": 154302.5, "taker_side": "BUY", "venue_ts": 1711000585000, "received_ts": 1711000585010}
{"event_type": "trade", "event_id": "trade_196", "venue": "binance", "instrument_key": "BTCUSDT", "price": 65058.0, "qty": 2.7565, "quote_qty": 179331.02, "taker_side": "BUY", "venue_ts": 1711000588000, "received_ts": 1711000588010}
{"event_type": "trade", "event_id": "trade_197", "venue": "binance", "instrument_key": "BTCUSDT", "price": 65058.5, "qty": 2.4068, "quote_qty": 156585.86, "taker_side": "BUY", "venue_ts": 1711000591000, "received_ts": 1711000591010}
{"event_type": "trade", "event_id": "trade_198", "venue": "binance", "instrument_key": "BTCUSDT", "price": 65059.0, "qty": 4.6301, "quote_qty": 301230.24, "taker_side": "BUY", "venue_ts": 1711000594000, "received_ts": 1711000594010}
{"event_type": "trade", "event_id": "trade_199", "venue": "binance", "instrument_key": "BTCUSDT", "price": 65059.5, "qty": 4.6212, "quote_qty": 300655.79, "taker_side": "BUY", "venue_ts": 1711000597000, "received_ts": 1711000597010}
