{"event_type": "book_snapshot", "venue": "binance", "instrument_key": "BINANCE:BTCUSDT:SPOT", "bids": [[64999.0, 1.0]], "asks": [[65001.0, 1.0]], "seq_id": 1, "venue_ts": 1710999999000, "received_ts": 1710999999010}
{"event_type": "trade", "event_id": "trade_0", "venue": "binance", "instrument_key": "BINANCE:BTCUSDT:SPOT", "price": 65000.0, "qty": 0.175, "quote_qty": 11372.25, "taker_side": "SELL", "venue_ts": 1711000000000, "received_ts": 1711000000010}
{"event_type": "trade", "event_id": "trade_1", "venue": "binance", "instrument_key": "BINANCE:BTCUSDT:SPOT", "price": 65000.1, "qty": 0.2396, "quote_qty": 15576.08, "taker_side": "SELL", "venue_ts": 1711000003000, "received_ts": 1711000003010}
{"event_type": "trade", "event_id": "trade_2", "venue": "binance", "instrument_key": "BINANCE:BTCUSDT:SPOT", "price": 65000.2, "qty": 0.2813, "quote_qty": 18284.85, "taker_side": "BUY", "venue_ts": 1711000006000, "received_ts": 1711000006010}
{"event_type": "trade", "event_id": "trade_3", "venue": "binance", "instrument_key": "BINANCE:BTCUSDT:SPOT", "price": 65000.3, "qty": 0.1438, "quote_qty": 9343.92, "taker_side": "SELL", "venue_ts": 1711000009000, "received_ts": 1711000009010}
{"event_type": "trade", "event_id": "trade_4", "venue": "binance", "instrument_key": "BINANCE:BTCUSDT:SPOT", "price": 65000.4, "qty": 0.473, "quote_qty": 30742.32, "taker_side": "BUY", "venue_ts": 1711000012000, "received_ts": 1711000012010}
{"event_type": "trade", "event_id": "trade_5", "venue": "binance", "instrument_key": "BINANCE:BTCUSDT:SPOT", "price": 65000.5, "qty": 0.2688, "quote_qty": 17474.7, "taker_side": "SELL", "venue_ts": 1711000015000, "received_ts": 1711000015010}
{"event_type": "trade", "event_id": "trade_6", "venue": "binance", "instrument_key": "BINANCE:BTCUSDT:SPOT", "price": 65000.6, "qty": 0.3318, "quote_qty": 21566.74, "taker_side": "BUY", "venue_ts": 1711000018000, "received_ts": 1711000018010}
{"event_type": "trade", "event_id": "trade_7", "venue": "binance", "instrument_key": "BINANCE:BTCUSDT:SPOT", "price": 65000.7, "qty": 0.3482, "quote_qty": 22634.08, "taker_side": "BUY", "venue_ts": 1711000021000, "received_ts": 1711000021010}
{"event_type": "trade", "event_id": "trade_8", "venue": "binance", "instrument_key": "BINANCE:BTCUSDT:SPOT", "price": 65000.8, "qty": 0.4297, "quote_qty": 27930.91, "taker_side": "BUY", "venue_ts": 1711000024000, "received_ts": 1711000024010}
{"event_type": "trade", "event_id": "trade_9", "venue": "binance", "instrument_key": "BINANCE:BTCUSDT:SPOT", "price": 65000.9, "qty": 0.4216, "quote_qty": 27403.99, "taker_side": "SELL", "venue_ts": 1711000027000, "received_ts": 1711000027010}
{"event_type": "trade", "event_id": "trade_10", "venue": "binance", "instrument_key": "BINANCE:BTCUSDT:SPOT", "price": 65001.0, "qty": 0.2947, "quote_qty": 19155.22, "taker_side": "BUY", "venue_ts": 1711000030000, "received_ts": 1711000030010}
{"event_type": "trade", "event_id": "trade_11", "venue": "binance", "instrument_key": "BINANCE:BTCUSDT:SPOT", "price": 65001.1, "qty": 0.3515, "quote_qty": 22850.68, "taker_side": "BUY", "venue_ts": 1711000033000, "received_ts": 1711000033010}
{"event_type": "trade", "event_id": "trade_12", "venue": "binance", "instrument_key": "BINANCE:BTCUSDT:SPOT", "price": 65001.2, "qty": 0.1977, "quote_qty": 12851.55, "taker_side": "BUY", "venue_ts": 1711000036000, "received_ts": 1711000036010}
{"event_type": "trade", "event_id": "trade_13", "venue": "binance", "instrument_key": "BINANCE:BTCUSDT:SPOT", "price": 65001.3, "qty": 0.4252, "quote_qty": 27638.51, "taker_side": "BUY", "venue_ts": 1711000039000, "received_ts": 1711000039010}
{"event_type": "trade", "event_id": "trade_14", "venue": "binance", "instrument_key": "BINANCE:BTCUSDT:SPOT", "price": 65001.4, "qty": 0.1843, "quote_qty": 11980.46, "taker_side": "BUY", "venue_ts": 1711000042000, "received_ts": 1711000042010}
{"event_type": "trade", "event_id": "trade_15", "venue": "binance", "instrument_key": "BINANCE:BTCUSDT:SPOT", "price": 65001.5, "qty": 0.2669, "quote_qty": 17346.56, "taker_side": "BUY", "venue_ts": 1711000045000, "received_ts": 1711000045010}
{"event_type": "trade", "event_id": "trade_16", "venue": "binance", "instrument_key": "BINANCE:BTCUSDT:SPOT", "price": 65001.6, "qty": 0.4161, "quote_qty": 27044.47, "taker_side": "BUY", "venue_ts": 1711000048000, "received_ts": 1711000048010}
{"event_type": "trade", "event_id": "trade_17", "venue": "binance", "instrument_key": "BINANCE:BTCUSDT:SPOT", "price": 65001.7, "qty": 0.1869, "quote_qty": 12147.42, "taker_side": "SELL", "venue_ts": 1711000051000, "received_ts": 1711000051010}
{"event_type": "trade", "event_id": "trade_18", "venue": "binance", "instrument_key": "BINANCE:BTCUSDT:SPOT", "price": 65001.8, "qty": 0.3915, "quote_qty": 25445.88, "taker_side": "BUY", "venue_ts": 1711000054000, "received_ts": 1711000054010}
{"event_type": "trade", "event_id": "trade_19", "venue": "binance", "instrument_key": "BINANCE:BTCUSDT:SPOT", "price": 65001.9, "qty": 0.4776, "quote_qty": 31044.57, "taker_side": "SELL", "venue_ts": 1711000057000, "received_ts": 1711000057010}
{"event_type": "trade", "event_id": "trade_20", "venue": "binance", "instrument_key": "BINANCE:BTCUSDT:SPOT", "price": 65002.0, "qty": 0.4755, "quote_qty": 30906.82, "taker_side": "BUY", "venue_ts": 1711000060000, "received_ts": 1711000060010}
{"event_type": "trade", "event_id": "trade_21", "venue": "binance", "instrument_key": "BINANCE:BTCUSDT:SPOT", "price": 65002.1, "qty": 0.2385, "quote_qty": 15504.08, "taker_side": "BUY", "venue_ts": 1711000063000, "received_ts": 1711000063010}
{"event_type": "trade", "event_id": "trade_22", "venue": "binance", "instrument_key": "BINANCE:BTCUSDT:SPOT", "price": 65002.2, "qty": 0.2983, "quote_qty": 19387.48, "taker_side": "BUY", "venue_ts": 1711000066000, "received_ts": 1711000066010}
{"event_type": "trade", "event_id": "trade_23", "venue": "binance", "instrument_key": "BINANCE:BTCUSDT:SPOT", "price": 65002.3, "qty": 0.4686, "quote_qty": 30459.5, "taker_side": "BUY", "venue_ts": 1711000069000, "received_ts": 1711000069010}
{"event_type": "trade", "event_id": "trade_24", "venue": "binance", "instrument_key": "BINANCE:BTCUSDT:SPOT", "price": 65002.4, "qty": 0.4981, "quote_qty": 32380.51, "taker_side": "BUY", "venue_ts": 1711000072000, "received_ts": 1711000072010}
{"event_type": "trade", "event_id": "trade_25", "venue": "binance", "instrument_key": "BINANCE:BTCUSDT:SPOT", "price": 65002.5, "qty": 0.2966, "quote_qty": 19282.88, "taker_side": "BUY", "venue_ts": 1711000075000, "received_ts": 1711000075010}
{"event_type": "trade", "event_id": "trade_26", "venue": "binance", "instrument_key": "BINANCE:BTCUSDT:SPOT", "price": 65002.6, "qty": 0.4085, "quote_qty": 26556.75, "taker_side": "SELL", "venue_ts": 1711000078000, "received_ts": 1711000078010}
{"event_type": "trade", "event_id": "trade_27", "venue": "binance", "instrument_key": "BINANCE:BTCUSDT:SPOT", "price": 65002.7, "qty": 0.4498, "quote_qty": 29238.41, "taker_side": "SELL", "venue_ts": 1711000081000, "received_ts": 1711000081010}
{"event_type": "trade", "event_id": "trade_28", "venue": "binance", "instrument_key": "BINANCE:BTCUSDT:SPOT", "price": 65002.8, "qty": 0.3307, "quote_qty": 21494.08, "taker_side": "BUY", "venue_ts": 1711000084000, "received_ts": 1711000084010}
{"event_type": "trade", "event_id": "trade_29", "venue": "binance", "instrument_key": "BINANCE:BTCUSDT:SPOT", "price": 65002.9, "qty": 0.4968, "quote_qty": 32295.76, "taker_side": "SELL", "venue_ts": 1711000087000, "received_ts": 1711000087010}
{"event_type": "trade", "event_id": "trade_30", "venue": "binance", "instrument_key": "BINANCE:BTCUSDT:SPOT", "price": 65003.0, "qty": 0.272, "quote_qty": 17679.55, "taker_side": "BUY", "venue_ts": 1711000090000, "received_ts": 1711000090010}
{"event_type": "trade", "event_id": "trade_31", "venue": "binance", "instrument_key": "BINANCE:BTCUSDT:SPOT", "price": 65003.1, "qty": 0.1942, "quote_qty": 12620.61, "taker_side": "SELL", "venue_ts": 1711000093000, "received_ts": 1711000093010}
{"event_type": "trade", "event_id": "trade_32", "venue": "binance", "instrument_key": "BINANCE:BTCUSDT:SPOT", "price": 65003.2, "qty": 0.4415, "quote_qty": 28702.01, "taker_side": "BUY", "venue_ts": 1711000096000, "received_ts": 1711000096010}
{"event_type": "trade", "event_id": "trade_33", "venue": "binance", "instrument_key": "BINANCE:BTCUSDT:SPOT", "price": 65003.3, "qty": 0.4705, "quote_qty": 30581.83, "taker_side": "BUY", "venue_ts": 1711000099000, "received_ts": 1711000099010}
{"event_type": "trade", "event_id": "trade_34", "venue": "binance", "instrument_key": "BINANCE:BTCUSDT:SPOT", "price": 65003.4, "qty": 0.2236, "quote_qty": 14531.51, "taker_side": "SELL", "venue_ts": 1711000102000, "received_ts": 1711000102010}
{"event_type": "trade", "event_id": "trade_35", "venue": "binance", "instrument_key": "BINANCE:BTCUSDT:SPOT", "price": 65003.5, "qty": 0.4174, "quote_qty": 27135.37, "taker_side": "BUY", "venue_ts": 1711000105000, "received_ts": 1711000105010}
{"event_type": "trade", "event_id": "trade_36", "venue": "binance", "instrument_key": "BINANCE:BTCUSDT:SPOT", "price": 65003.6, "qty": 0.3701, "quote_qty": 24057.31, "taker_side": "BUY", "venue_ts": 1711000108000, "received_ts": 1711000108010}
{"event_type": "trade", "event_id": "trade_37", "venue": "binance", "instrument_key": "BINANCE:BTCUSDT:SPOT", "price": 65003.7, "qty": 0.3547, "quote_qty": 23055.53, "taker_side": "SELL", "venue_ts": 1711000111000, "received_ts": 1711000111010}
{"event_type": "trade", "event_id": "trade_38", "venue": "binance", "instrument_key": "BINANCE:BTCUSDT:SPOT", "price": 65003.8, "qty": 0.3056, "quote_qty": 19862.19, "taker_side": "SELL", "venue_ts": 1711000114000, "received_ts": 1711000114010}
{"event_type": "trade", "event_id": "trade_39", "venue": "binance", "instrument_key": "BINANCE:BTCUSDT:SPOT", "price": 65003.9, "qty": 0.2316, "quote_qty": 15056.0, "taker_side": "BUY", "venue_ts": 1711000117000, "received_ts": 1711000117010}
{"event_type": "trade", "event_id": "trade_40", "venue": "binance", "instrument_key": "BINANCE:BTCUSDT:SPOT", "price": 65004.0, "qty": 0.253, "quote_qty": 16445.4, "taker_side": "SELL", "venue_ts": 1711000120000, "received_ts": 1711000120010}
{"event_type": "trade", "event_id": "trade_41", "venue": "binance", "instrument_key": "BINANCE:BTCUSDT:SPOT", "price": 65004.1, "qty": 0.2882, "quote_qty": 18731.91, "taker_side": "BUY", "venue_ts": 1711000123000, "received_ts": 1711000123010}
{"event_type": "trade", "event_id": "trade_42", "venue": "binance", "instrument_key": "BINANCE:BTCUSDT:SPOT", "price": 65004.2, "qty": 0.1829, "quote_qty": 11887.25, "taker_side": "SELL", "venue_ts": 1711000126000, "received_ts": 1711000126010}
{"event_type": "trade", "event_id": "trade_43", "venue": "binance", "instrument_key": "BINANCE:BTCUSDT:SPOT", "price": 65004.3, "qty": 0.336, "quote_qty": 21844.26, "taker_side": "BUY", "venue_ts": 1711000129000, "received_ts": 1711000129010}
{"event_type": "trade", "event_id": "trade_44", "venue": "binance", "instrument_key": "BINANCE:BTCUSDT:SPOT", "price": 65004.4, "qty": 0.4541, "quote_qty": 29518.78, "taker_side": "BUY", "venue_ts": 1711000132000, "received_ts": 1711000132010}
{"event_type": "trade", "event_id": "trade_45", "venue": "binance", "instrument_key": "BINANCE:BTCUSDT:SPOT", "price": 65004.5, "qty": 0.4195, "quote_qty": 27270.44, "taker_side": "BUY", "venue_ts": 1711000135000, "received_ts": 1711000135010}
{"event_type": "trade", "event_id": "trade_46", "venue": "binance", "instrument_key": "BINANCE:BTCUSDT:SPOT", "price": 65004.6, "qty": 0.1944, "quote_qty": 12637.53, "taker_side": "SELL", "venue_ts": 1711000138000, "received_ts": 1711000138010}
{"event_type": "trade", "event_id": "trade_47", "venue": "binance", "instrument_key": "BINANCE:BTCUSDT:SPOT", "price": 65004.7, "qty": 0.4236, "quote_qty": 27536.76, "taker_side": "SELL", "venue_ts": 1711000141000, "received_ts": 1711000141010}
{"event_type": "trade", "event_id": "trade_48", "venue": "binance", "instrument_key": "BINANCE:BTCUSDT:SPOT", "price": 65004.8, "qty": 0.3362, "quote_qty": 21853.77, "taker_side": "BUY", "venue_ts": 1711000144000, "received_ts": 1711000144010}
{"event_type": "trade", "event_id": "trade_49", "venue": "binance", "instrument_key": "BINANCE:BTCUSDT:SPOT", "price": 65004.9, "qty": 0.1663, "quote_qty": 10808.38, "taker_side": "SELL", "venue_ts": 1711000147000, "received_ts": 1711000147010}
{"event_type": "trade", "event_id": "trade_50", "venue": "binance", "instrument_key": "BINANCE:BTCUSDT:SPOT", "price": 65005.0, "qty": 0.4849, "quote_qty": 31518.76, "taker_side": "BUY", "venue_ts": 1711000150000, "received_ts": 1711000150010}
{"event_type": "trade", "event_id": "trade_51", "venue": "binance", "instrument_key": "BINANCE:BTCUSDT:SPOT", "price": 65005.1, "qty": 0.2564, "quote_qty": 16668.14, "taker_side": "BUY", "venue_ts": 1711000153000, "received_ts": 1711000153010}
{"event_type": "trade", "event_id": "trade_52", "venue": "binance", "instrument_key": "BINANCE:BTCUSDT:SPOT", "price": 65005.2, "qty": 0.3485, "quote_qty": 22655.18, "taker_side": "SELL", "venue_ts": 1711000156000, "received_ts": 1711000156010}
{"event_type": "trade", "event_id": "trade_53", "venue": "binance", "instrument_key": "BINANCE:BTCUSDT:SPOT", "price": 65005.3, "qty": 0.2965, "quote_qty": 19274.69, "taker_side": "SELL", "venue_ts": 1711000159000, "received_ts": 1711000159010}
{"event_type": "trade", "event_id": "trade_54", "venue": "binance", "instrument_key": "BINANCE:BTCUSDT:SPOT", "price": 65005.4, "qty": 0.3493, "quote_qty": 22705.08, "taker_side": "BUY", "venue_ts": 1711000162000, "received_ts": 1711000162010}
{"event_type": "trade", "event_id": "trade_55", "venue": "binance", "instrument_key": "BINANCE:BTCUSDT:SPOT", "price": 65005.5, "qty": 0.342, "quote_qty": 22232.52, "taker_side": "SELL", "venue_ts": 1711000165000, "received_ts": 1711000165010}
{"event_type": "trade", "event_id": "trade_56", "venue": "binance", "instrument_key": "BINANCE:BTCUSDT:SPOT", "price": 65005.6, "qty": 0.2146, "quote_qty": 13950.74, "taker_side": "SELL", "venue_ts": 1711000168000, "received_ts": 1711000168010}
{"event_type": "trade", "event_id": "trade_57", "venue": "binance", "instrument_key": "BINANCE:BTCUSDT:SPOT", "price": 65005.7, "qty": 0.4931, "quote_qty": 32053.82, "taker_side": "BUY", "venue_ts": 1711000171000, "received_ts": 1711000171010}
{"event_type": "trade", "event_id": "trade_58", "venue": "binance", "instrument_key": "BINANCE:BTCUSDT:SPOT", "price": 65005.8, "qty": 0.4324, "quote_qty": 28107.9, "taker_side": "BUY", "venue_ts": 1711000174000, "received_ts": 1711000174010}
{"event_type": "trade", "event_id": "trade_59", "venue": "binance", "instrument_key": "BINANCE:BTCUSDT:SPOT", "price": 65005.9, "qty": 0.1057, "quote_qty": 6871.46, "taker_side": "BUY", "venue_ts": 1711000177000, "received_ts": 1711000177010}
{"event_type": "trade", "event_id": "trade_60", "venue": "binance", "instrument_key": "BINANCE:BTCUSDT:SPOT", "price": 65006.0, "qty": 0.2685, "quote_qty": 17455.7, "taker_side": "BUY", "venue_ts": 1711000180000, "received_ts": 1711000180010}
{"event_type": "trade", "event_id": "trade_61", "venue": "binance", "instrument_key": "BINANCE:BTCUSDT:SPOT", "price": 65006.1, "qty": 0.265, "quote_qty": 17226.47, "taker_side": "SELL", "venue_ts": 1711000183000, "received_ts": 1711000183010}
{"event_type": "trade", "event_id": "trade_62", "venue": "binance", "instrument_key": "BINANCE:BTCUSDT:SPOT", "price": 65006.2, "qty": 0.2729, "quote_qty": 17742.28, "taker_side": "BUY", "venue_ts": 1711000186000, "received_ts": 1711000186010}
{"event_type": "trade", "event_id": "trade_63", "venue": "binance", "instrument_key": "BINANCE:BTCUSDT:SPOT", "price": 65006.3, "qty": 0.4836, "quote_qty": 31439.06, "taker_side": "BUY", "venue_ts": 1711000189000, "received_ts": 1711000189010}
{"event_type": "trade", "event_id": "trade_64", "venue": "binance", "instrument_key": "BINANCE:BTCUSDT:SPOT", "price": 65006.4, "qty": 0.1586, "quote_qty": 10311.73, "taker_side": "SELL", "venue_ts": 1711000192000, "received_ts": 1711000192010}
{"event_type": "trade", "event_id": "trade_65", "venue": "binance", "instrument_key": "BINANCE:BTCUSDT:SPOT", "price": 65006.5, "qty": 0.1056, "quote_qty": 6864.74, "taker_side": "SELL", "venue_ts": 1711000195000, "received_ts": 1711000195010}
{"event_type": "trade", "event_id": "trade_66", "venue": "binance", "instrument_key": "BINANCE:BTCUSDT:SPOT", "price": 65006.6, "qty": 0.3453, "quote_qty": 22444.37, "taker_side": "BUY", "venue_ts": 1711000198000, "received_ts": 1711000198010}
{"event_type": "trade", "event_id": "trade_67", "venue": "binance", "instrument_key": "BINANCE:BTCUSDT:SPOT", "price": 65006.7, "qty": 0.2643, "quote_qty": 17179.51, "taker_side": "BUY", "venue_ts": 1711000201000, "received_ts": 1711000201010}
{"event_type": "trade", "event_id": "trade_68", "venue": "binance", "instrument_key": "BINANCE:BTCUSDT:SPOT", "price": 65006.8, "qty": 0.231, "quote_qty": 15016.77, "taker_side": "BUY", "venue_ts": 1711000204000, "received_ts": 1711000204010}
{"event_type": "trade", "event_id": "trade_69", "venue": "binance", "instrument_key": "BINANCE:BTCUSDT:SPOT", "price": 65006.9, "qty": 0.2459, "quote_qty": 15987.53, "taker_side": "BUY", "venue_ts": 1711000207000, "received_ts": 1711000207010}
{"event_type": "trade", "event_id": "trade_70", "venue": "binance", "instrument_key": "BINANCE:BTCUSDT:SPOT", "price": 65007.0, "qty": 0.1422, "quote_qty": 9246.03, "taker_side": "BUY", "venue_ts": 1711000210000, "received_ts": 1711000210010}
{"event_type": "trade", "event_id": "trade_71", "venue": "binance", "instrument_key": "BINANCE:BTCUSDT:SPOT", "price": 65007.1, "qty": 0.1618, "quote_qty": 10516.55, "taker_side": "BUY", "venue_ts": 1711000213000, "received_ts": 1711000213010}
{"event_type": "trade", "event_id": "trade_72", "venue": "binance", "instrument_key": "BINANCE:BTCUSDT:SPOT", "price": 65007.2, "qty": 0.4535, "quote_qty": 29481.96, "taker_side": "BUY", "venue_ts": 1711000216000, "received_ts": 1711000216010}
{"event_type": "trade", "event_id": "trade_73", "venue": "binance", "instrument_key": "BINANCE:BTCUSDT:SPOT", "price": 65007.3, "qty": 0.3562, "quote_qty": 23158.31, "taker_side": "BUY", "venue_ts": 1711000219000, "received_ts": 1711000219010}
{"event_type": "trade", "event_id": "trade_74", "venue": "binance", "instrument_key": "BINANCE:BTCUSDT:SPOT", "price": 65007.4, "qty": 0.41, "quote_qty": 26654.89, "taker_side": "SELL", "venue_ts": 1711000222000, "received_ts": 1711000222010}
{"event_type": "trade", "event_id": "trade_75", "venue": "binance", "instrument_key": "BINANCE:BTCUSDT:SPOT", "price": 65007.5, "qty": 0.3051, "quote_qty": 19831.32, "taker_side": "SELL", "venue_ts": 1711000225000, "received_ts": 1711000225010}
{"event_type": "trade", "event_id": "trade_76", "venue": "binance", "instrument_key": "BINANCE:BTCUSDT:SPOT", "price": 65007.6, "qty": 0.2813, "quote_qty": 18288.21, "taker_side": "SELL", "venue_ts": 1711000228000, "received_ts": 1711000228010}
{"event_type": "trade", "event_id": "trade_77", "venue": "binance", "instrument_key": "BINANCE:BTCUSDT:SPOT", "price": 65007.7, "qty": 0.1514, "quote_qty": 9842.77, "taker_side": "SELL", "venue_ts": 1711000231000, "received_ts": 1711000231010}
{"event_type": "trade", "event_id": "trade_78", "venue": "binance", "instrument_key": "BINANCE:BTCUSDT:SPOT", "price": 65007.8, "qty": 0.2393, "quote_qty": 15553.64, "taker_side": "SELL", "venue_ts": 1711000234000, "received_ts": 1711000234010}
{"event_type": "trade", "event_id": "trade_79", "venue": "binance", "instrument_key": "BINANCE:BTCUSDT:SPOT", "price": 65007.9, "qty": 0.1855, "quote_qty": 12060.97, "taker_side": "BUY", "venue_ts": 1711000237000, "received_ts": 1711000237010}
{"event_type": "trade", "event_id": "trade_80", "venue": "binance", "instrument_key": "BINANCE:BTCUSDT:SPOT", "price": 65008.0, "qty": 0.3069, "quote_qty": 19949.61, "taker_side": "SELL", "venue_ts": 1711000240000, "received_ts": 1711000240010}
{"event_type": "trade", "event_id": "trade_81", "venue": "binance", "instrument_key": "BINANCE:BTCUSDT:SPOT", "price": 65008.1, "qty": 0.4363, "quote_qty": 28365.67, "taker_side": "BUY", "venue_ts": 1711000243000, "received_ts": 1711000243010}
{"event_type": "trade", "event_id": "trade_82", "venue": "binance", "instrument_key": "BINANCE:BTCUSDT:SPOT", "price": 65008.2, "qty": 0.3509, "quote_qty": 22809.81, "taker_side": "SELL", "venue_ts": 1711000246000, "received_ts": 1711000246010}
{"event_type": "trade", "event_id": "trade_83", "venue": "binance", "instrument_key": "BINANCE:BTCUSDT:SPOT", "price": 65008.3, "qty": 0.1218, "quote_qty": 7917.9, "taker_side": "BUY", "venue_ts": 1711000249000, "received_ts": 1711000249010}
{"event_type": "trade", "event_id": "trade_84", "venue": "binance", "instrument_key": "BINANCE:BTCUSDT:SPOT", "price": 65008.4, "qty": 0.3552, "quote_qty": 23089.05, "taker_side": "SELL", "venue_ts": 1711000252000, "received_ts": 1711000252010}
{"event_type": "trade", "event_id": "trade_85", "venue": "binance", "instrument_key": "BINANCE:BTCUSDT:SPOT", "price": 65008.5, "qty": 0.1989, "quote_qty": 12928.24, "taker_side": "SELL", "venue_ts": 1711000255000, "received_ts": 1711000255010}
{"event_type": "trade", "event_id": "trade_86", "venue": "binance", "instrument_key": "BINANCE:BTCUSDT:SPOT", "price": 65008.6, "qty": 0.1951, "quote_qty": 12684.13, "taker_side": "SELL", "venue_ts": 1711000258000, "received_ts": 1711000258010}
{"event_type": "trade", "event_id": "trade_87", "venue": "binance", "instrument_key": "BINANCE:BTCUSDT:SPOT", "price": 65008.7, "qty": 0.2414, "quote_qty": 15695.86, "taker_side": "SELL", "venue_ts": 1711000261000, "received_ts": 1711000261010}
{"event_type": "trade", "event_id": "trade_88", "venue": "binance", "instrument_key": "BINANCE:BTCUSDT:SPOT", "price": 65008.8, "qty": 0.3678, "quote_qty": 23910.71, "taker_side": "BUY", "venue_ts": 1711000264000, "received_ts": 1711000264010}
{"event_type": "trade", "event_id": "trade_89", "venue": "binance", "instrument_key": "BINANCE:BTCUSDT:SPOT", "price": 65008.9, "qty": 0.3401, "quote_qty": 22107.78, "taker_side": "SELL", "venue_ts": 1711000267000, "received_ts": 1711000267010}
{"event_type": "trade", "event_id": "trade_90", "venue": "binance", "instrument_key": "BINANCE:BTCUSDT:SPOT", "price": 65009.0, "qty": 0.4719, "quote_qty": 30679.34, "taker_side": "SELL", "venue_ts": 1711000270000, "received_ts": 1711000270010}
{"event_type": "trade", "event_id": "trade_91", "venue": "binance", "instrument_key": "BINANCE:BTCUSDT:SPOT", "price": 65009.1, "qty": 0.2049, "quote_qty": 13319.61, "taker_side": "BUY", "venue_ts": 1711000273000, "received_ts": 1711000273010}
{"event_type": "trade", "event_id": "trade_92", "venue": "binance", "instrument_key": "BINANCE:BTCUSDT:SPOT", "price": 65009.2, "qty": 0.32, "quote_qty": 20802.71, "taker_side": "BUY", "venue_ts": 1711000276000, "received_ts": 1711000276010}
{"event_type": "trade", "event_id": "trade_93", "venue": "binance", "instrument_key": "BINANCE:BTCUSDT:SPOT", "price": 65009.3, "qty": 0.4771, "quote_qty": 31017.45, "taker_side": "SELL", "venue_ts": 1711000279000, "received_ts": 1711000279010}
{"event_type": "trade", "event_id": "trade_94", "venue": "binance", "instrument_key": "BINANCE:BTCUSDT:SPOT", "price": 65009.4, "qty": 0.3485, "quote_qty": 22654.86, "taker_side": "SELL", "venue_ts": 1711000282000, "received_ts": 1711000282010}
{"event_type": "trade", "event_id": "trade_95", "venue": "binance", "instrument_key": "BINANCE:BTCUSDT:SPOT", "price": 65009.5, "qty": 0.3571, "quote_qty": 23213.7, "taker_side": "SELL", "venue_ts": 1711000285000, "received_ts": 1711000285010}
{"event_type": "trade", "event_id": "trade_96", "venue": "binance", "instrument_key": "BINANCE:BTCUSDT:SPOT", "price": 65009.6, "qty": 0.3659, "quote_qty": 23786.12, "taker_side": "SELL", "venue_ts": 1711000288000, "received_ts": 1711000288010}
{"event_type": "trade", "event_id": "trade_97", "venue": "binance", "instrument_key": "BINANCE:BTCUSDT:SPOT", "price": 65009.7, "qty": 0.4617, "quote_qty": 30014.96, "taker_side": "SELL", "venue_ts": 1711000291000, "received_ts": 1711000291010}
{"event_type": "trade", "event_id": "trade_98", "venue": "binance", "instrument_key": "BINANCE:BTCUSDT:SPOT", "price": 65009.8, "qty": 0.2512, "quote_qty": 16327.81, "taker_side": "SELL", "venue_ts": 1711000294000, "received_ts": 1711000294010}
{"event_type": "trade", "event_id": "trade_99", "venue": "binance", "instrument_key": "BINANCE:BTCUSDT:SPOT", "price": 65009.9, "qty": 0.1381, "quote_qty": 8975.5, "taker_side": "SELL", "venue_ts": 1711000297000, "received_ts": 1711000297010}
{"event_type": "trade", "event_id": "trade_100", "venue": "binance", "instrument_key": "BINANCE:BTCUSDT:SPOT", "price": 65010.0, "qty": 1.9965, "quote_qty": 129791.83, "taker_side": "BUY", "venue_ts": 1711000300000, "received_ts": 1711000300010}
{"event_type": "trade", "event_id": "trade_101", "venue": "binance", "instrument_key": "BINANCE:BTCUSDT:SPOT", "price": 65010.5, "qty": 4.6067, "quote_qty": 299481.1, "taker_side": "BUY", "venue_ts": 1711000303000, "received_ts": 1711000303010}
{"event_type": "trade", "event_id": "trade_102", "venue": "binance", "instrument_key": "BINANCE:BTCUSDT:SPOT", "price": 65011.0, "qty": 3.6424, "quote_qty": 236793.27, "taker_side": "SELL", "venue_ts": 1711000306000, "received_ts": 1711000306010}
{"event_type": "trade", "event_id": "trade_103", "venue": "binance", "instrument_key": "BINANCE:BTCUSDT:SPOT", "price": 65011.5, "qty": 4.3568, "quote_qty": 283239.0, "taker_side": "BUY", "venue_ts": 1711000309000, "received_ts": 1711000309010}
{"event_type": "trade", "event_id": "trade_104", "venue": "binance", "instrument_key": "BINANCE:BTCUSDT:SPOT", "price": 65012.0, "qty": 1.2366, "quote_qty": 80392.02, "taker_side": "BUY", "venue_ts": 1711000312000, "received_ts": 1711000312010}
{"event_type": "trade", "event_id": "trade_105", "venue": "binance", "instrument_key": "BINANCE:BTCUSDT:SPOT", "price": 65012.5, "qty": 1.7091, "quote_qty": 111115.39, "taker_side": "SELL", "venue_ts": 1711000315000, "received_ts": 1711000315010}
{"event_type": "trade", "event_id": "trade_106", "venue": "binance", "instrument_key": "BINANCE:BTCUSDT:SPOT", "price": 65013.0, "qty": 1.6484, "quote_qty": 107166.45, "taker_side": "BUY", "venue_ts": 1711000318000, "received_ts": 1711000318010}
{"event_type": "trade", "event_id": "trade_107", "venue": "binance", "instrument_key": "BINANCE:BTCUSDT:SPOT", "price": 65013.5, "qty": 4.9734, "quote_qty": 323341.39, "taker_side": "SELL", "venue_ts": 1711000321000, "received_ts": 1711000321010}
{"event_type": "trade", "event_id": "trade_108", "venue": "binance", "instrument_key": "BINANCE:BTCUSDT:SPOT", "price": 65014.0, "qty": 3.9145, "quote_qty": 254496.15, "taker_side": "BUY", "venue_ts": 1711000324000, "received_ts": 1711000324010}
{"event_type": "trade", "event_id": "trade_109", "venue": "binance", "instrument_key": "BINANCE:BTCUSDT:SPOT", "price": 65014.5, "qty": 1.6988, "quote_qty": 110448.87, "taker_side": "SELL", "venue_ts": 1711000327000, "received_ts": 1711000327010}
{"event_type": "trade", "event_id": "trade_110", "venue": "binance", "instrument_key": "BINANCE:BTCUSDT:SPOT", "price": 65015.0, "qty": 2.5784, "quote_qty": 167633.69, "taker_side": "BUY", "venue_ts": 1711000330000, "received_ts": 1711000330010}
{"event_type": "trade", "event_id": "trade_111", "venue": "binance", "instrument_key": "BINANCE:BTCUSDT:SPOT", "price": 65015.5, "qty": 4.015, "quote_qty": 261034.5, "taker_side": "BUY", "venue_ts": 1711000333000, "received_ts": 1711000333010}
{"event_type": "trade", "event_id": "trade_112", "venue": "binance", "instrument_key": "BINANCE:BTCUSDT:SPOT", "price": 65016.0, "qty": 3.6896, "quote_qty": 239881.48, "taker_side": "BUY", "venue_ts": 1711000336000, "received_ts": 1711000336010}
{"event_type": "trade", "event_id": "trade_113", "venue": "binance", "instrument_key": "BINANCE:BTCUSDT:SPOT", "price": 65016.5, "qty": 4.3869, "quote_qty": 285220.68, "taker_side": "BUY", "venue_ts": 1711000339000, "received_ts": 1711000339010}
{"event_type": "trade", "event_id": "trade_114", "venue": "binance", "instrument_key": "BINANCE:BTCUSDT:SPOT", "price": 65017.0, "qty": 1.6447, "quote_qty": 106936.23, "taker_side": "BUY", "venue_ts": 1711000342000, "received_ts": 1711000342010}
{"event_type": "trade", "event_id": "trade_115", "venue": "binance", "instrument_key": "BINANCE:BTCUSDT:SPOT", "price": 65017.5, "qty": 3.5632, "quote_qty": 231668.79, "taker_side": "BUY", "venue_ts": 1711000345000, "received_ts": 1711000345010}
{"event_type": "trade", "event_id": "trade_116", "venue": "binance", "instrument_key": "BINANCE:BTCUSDT:SPOT", "price": 65018.0, "qty": 4.6366, "quote_qty": 301463.44, "taker_side": "BUY", "venue_ts": 1711000348000, "received_ts": 1711000348010}
{"event_type": "trade", "event_id": "trade_117", "venue": "binance", "instrument_key": "BINANCE:BTCUSDT:SPOT", "price": 65018.5, "qty": 4.2767, "quote_qty": 278065.1, "taker_side": "BUY", "venue_ts": 1711000351000, "received_ts": 1711000351010}
{"event_type": "trade", "event_id": "trade_118", "venue": "binance", "instrument_key": "BINANCE:BTCUSDT:SPOT", "price": 65019.0, "qty": 2.2795, "quote_qty": 148213.99, "taker_side": "BUY", "venue_ts": 1711000354000, "received_ts": 1711000354010}
{"event_type": "trade", "event_id": "trade_119", "venue": "binance", "instrument_key": "BINANCE:BTCUSDT:SPOT", "price": 65019.5, "qty": 2.7125, "quote_qty": 176364.23, "taker_side": "BUY", "venue_ts": 1711000357000, "received_ts": 1711000357010}
{"event_type": "trade", "event_id": "trade_120", "venue": "binance", "instrument_key": "BINANCE:BTCUSDT:SPOT", "price": 65020.0, "qty": 4.1426, "quote_qty": 269348.82, "taker_side": "BUY", "venue_ts": 1711000360000, "received_ts": 1711000360010}
{"event_type": "trade", "event_id": "trade_121", "venue": "binance", "instrument_key": "BINANCE:BTCUSDT:SPOT", "price": 65020.5, "qty": 3.5739, "quote_qty": 232373.62, "taker_side": "BUY", "venue_ts": 1711000363000, "received_ts": 1711000363010}
{"event_type": "trade", "event_id": "trade_122", "venue": "binance", "instrument_key": "BINANCE:BTCUSDT:SPOT", "price": 65021.0, "qty": 1.9259, "quote_qty": 125223.26, "taker_side": "BUY", "venue_ts": 1711000366000, "received_ts": 1711000366010}
{"event_type": "trade", "event_id": "trade_123", "venue": "binance", "instrument_key": "BINANCE:BTCUSDT:SPOT", "price": 65021.5, "qty": 2.1827, "quote_qty": 141921.73, "taker_side": "SELL", "venue_ts": 1711000369000, "received_ts": 1711000369010}
{"event_type": "trade", "event_id": "trade_124", "venue": "binance", "instrument_key": "BINANCE:BTCUSDT:SPOT", "price": 65022.0, "qty": 1.914, "quote_qty": 124450.73, "taker_side": "SELL", "venue_ts": 1711000372000, "received_ts": 1711000372010}
{"event_type": "trade", "event_id": "trade_125", "venue": "binance", "instrument_key": "BINANCE:BTCUSDT:SPOT", "price": 65022.5, "qty": 2.6322, "quote_qty": 171153.78, "taker_side": "BUY", "venue_ts": 1711000375000, "received_ts": 1711000375010}
{"event_type": "trade", "event_id": "trade_126", "venue": "binance", "instrument_key": "BINANCE:BTCUSDT:SPOT", "price": 65023.0, "qty": 1.1849, "quote_qty": 77045.95, "taker_side": "SELL", "venue_ts": 1711000378000, "received_ts": 1711000378010}
{"event_type": "trade", "event_id": "trade_127", "venue": "binance", "instrument_key": "BINANCE:BTCUSDT:SPOT", "price": 65023.5, "qty": 1.303, "quote_qty": 84726.85, "taker_side": "SELL", "venue_ts": 1711000381000, "received_ts": 1711000381010}
{"event_type": "trade", "event_id": "trade_128", "venue": "binance", "instrument_key": "BINANCE:BTCUSDT:SPOT", "price": 65024.0, "qty": 1.9177, "quote_qty": 124697.96, "taker_side": "BUY", "venue_ts": 1711000384000, "received_ts": 1711000384010}
{"event_type": "trade", "event_id": "trade_129", "venue": "binance", "instrument_key": "BINANCE:BTCUSDT:SPOT", "price": 65024.5, "qty": 4.648, "quote_qty": 302235.05, "taker_side": "BUY", "venue_ts": 1711000387000, "received_ts": 1711000387010}
{"event_type": "trade", "event_id": "trade_130", "venue": "binance", "instrument_key": "BINANCE:BTCUSDT:SPOT", "price": 65025.0, "qty": 4.5059, "quote_qty": 292998.8, "taker_side": "BUY", "venue_ts": 1711000390000, "received_ts": 1711000390010}
{"event_type": "trade", "event_id": "trade_131", "venue": "binance", "instrument_key": "BINANCE:BTCUSDT:SPOT", "price": 65025.5, "qty": 3.7948, "quote_qty": 246760.98, "taker_side": "BUY", "venue_ts": 1711000393000, "received_ts": 1711000393010}
{"event_type": "trade", "event_id": "trade_132", "venue": "binance", "instrument_key": "BINANCE:BTCUSDT:SPOT", "price": 65026.0, "qty": 2.4958, "quote_qty": 162293.11, "taker_side": "BUY", "venue_ts": 1711000396000, "received_ts": 1711000396010}
{"event_type": "trade", "event_id": "trade_133", "venue": "binance", "instrument_key": "BINANCE:BTCUSDT:SPOT", "price": 65026.5, "qty": 1.4626, "quote_qty": 95105.96, "taker_side": "SELL", "venue_ts": 1711000399000, "received_ts": 1711000399010}
{"event_type": "trade", "event_id": "trade_134", "venue": "binance", "instrument_key": "BINANCE:BTCUSDT:SPOT", "price": 65027.0, "qty": 2.9687, "quote_qty": 193047.06, "taker_side": "BUY", "venue_ts": 1711000402000, "received_ts": 1711000402010}
{"event_type": "trade", "event_id": "trade_135", "venue": "binance", "instrument_key": "BINANCE:BTCUSDT:SPOT", "price": 65027.5, "qty": 4.7592, "quote_qty": 309481.72, "taker_side": "BUY", "venue_ts": 1711000405000, "received_ts": 1711000405010}
{"event_type": "trade", "event_id": "trade_136", "venue": "binance", "instrument_key": "BINANCE:BTCUSDT:SPOT", "price": 65028.0, "qty": 3.5245, "quote_qty": 229190.63, "taker_side": "BUY", "venue_ts": 1711000408000, "received_ts": 1711000408010}
{"event_type": "trade", "event_id": "trade_137", "venue": "binance", "instrument_key": "BINANCE:BTCUSDT:SPOT", "price": 65028.5, "qty": 4.2695, "quote_qty": 277636.43, "taker_side": "BUY", "venue_ts": 1711000411000, "received_ts": 1711000411010}
{"event_type": "trade", "event_id": "trade_138", "venue": "binance", "instrument_key": "BINANCE:BTCUSDT:SPOT", "price": 65029.0, "qty": 2.9542, "quote_qty": 192108.79, "taker_side": "SELL", "venue_ts": 1711000414000, "received_ts": 1711000414010}
{"event_type": "trade", "event_id": "trade_139", "venue": "binance", "instrument_key": "BINANCE:BTCUSDT:SPOT", "price": 65029.5, "qty": 2.2773, "quote_qty": 148091.37, "taker_side": "BUY", "venue_ts": 1711000417000, "received_ts": 1711000417010}
{"event_type": "trade", "event_id": "trade_140", "venue": "binance", "instrument_key": "BINANCE:BTCUSDT:SPOT", "price": 65030.0, "qty": 4.7592, "quote_qty": 309489.85, "taker_side": "SELL", "venue_ts": 1711000420000, "received_ts": 1711000420010}
{"event_type": "trade", "event_id": "trade_141", "venue": "binance", "instrument_key": "BINANCE:BTCUSDT:SPOT", "price": 65030.5, "qty": 1.6545, "quote_qty": 107594.57, "taker_side": "BUY", "venue_ts": 1711000423000, "received_ts": 1711000423010}
{"event_type": "trade", "event_id": "trade_142", "venue": "binance", "instrument_key": "BINANCE:BTCUSDT:SPOT", "price": 65031.0, "qty": 3.3084, "quote_qty": 215147.77, "taker_side": "BUY", "venue_ts": 1711000426000, "received_ts": 1711000426010}
{"event_type": "trade", "event_id": "trade_143", "venue": "binance", "instrument_key": "BINANCE:BTCUSDT:SPOT", "price": 65031.5, "qty": 1.0729, "quote_qty": 69772.78, "taker_side": "BUY", "venue_ts": 1711000429000, "received_ts": 1711000429010}
{"event_type": "trade", "event_id": "trade_144", "venue": "binance", "instrument_key": "BINANCE:BTCUSDT:SPOT", "price": 65032.0, "qty": 4.8277, "quote_qty": 313954.25, "taker_side": "BUY", "venue_ts": 1711000432000, "received_ts": 1711000432010}
{"event_type": "trade", "event_id": "trade_145", "venue": "binance", "instrument_key": "BINANCE:BTCUSDT:SPOT", "price": 65032.5, "qty": 4.4873, "quote_qty": 291820.95, "taker_side": "BUY", "venue_ts": 1711000435000, "received_ts": 1711000435010}
{"event_type": "trade", "event_id": "trade_146", "venue": "binance", "instrument_key": "BINANCE:BTCUSDT:SPOT", "price": 65033.0, "qty": 1.5678, "quote_qty": 101958.21, "taker_side": "BUY", "venue_ts": 1711000438000, "received_ts": 1711000438010}
{"event_type": "trade", "event_id": "trade_147", "venue": "binance", "instrument_key": "BINANCE:BTCUSDT:SPOT", "price": 65033.5, "qty": 2.4834, "quote_qty": 161501.3, "taker_side": "BUY", "venue_ts": 1711000441000, "received_ts": 1711000441010}
{"event_type": "trade", "event_id": "trade_148", "venue": "binance", "instrument_key": "BINANCE:BTCUSDT:SPOT", "price": 65034.0, "qty": 1.5855, "quote_qty": 103114.23, "taker_side": "BUY", "venue_ts": 1711000444000, "received_ts": 1711000444010}
{"event_type": "trade", "event_id": "trade_149", "venue": "binance", "instrument_key": "BINANCE:BTCUSDT:SPOT", "price": 65034.5, "qty": 2.0882, "quote_qty": 135804.44, "taker_side": "BUY", "venue_ts": 1711000447000, "received_ts": 1711000447010}
{"event_type": "trade", "event_id": "trade_150", "venue": "binance", "instrument_key": "BINANCE:BTCUSDT:SPOT", "price": 65035.0, "qty": 1.0668, "quote_qty": 69379.34, "taker_side": "SELL", "venue_ts": 1711000450000, "received_ts": 1711000450010}
{"event_type": "trade", "event_id": "trade_151", "venue": "binance", "instrument_key": "BINANCE:BTCUSDT:SPOT", "price": 65035.5, "qty": 2.117, "quote_qty": 137681.0, "taker_side": "BUY", "venue_ts": 1711000453000, "received_ts": 1711000453010}
{"event_type": "trade", "event_id": "trade_152", "venue": "binance", "instrument_key": "BINANCE:BTCUSDT:SPOT", "price": 65036.0, "qty": 1.0811, "quote_qty": 70309.68, "taker_side": "BUY", "venue_ts": 1711000456000, "received_ts": 1711000456010}
{"event_type": "trade", "event_id": "trade_153", "venue": "binance", "instrument_key": "BINANCE:BTCUSDT:SPOT", "price": 65036.5, "qty": 1.4773, "quote_qty": 96076.03, "taker_side": "BUY", "venue_ts": 1711000459000, "received_ts": 1711000459010}
{"event_type": "trade", "event_id": "trade_154", "venue": "binance", "instrument_key": "BINANCE:BTCUSDT:SPOT", "price": 65037.0, "qty": 3.8828, "quote_qty": 252526.73, "taker_side": "SELL", "venue_ts": 1711000462000, "received_ts": 1711000462010}
{"event_type": "trade", "event_id": "trade_155", "venue": "binance", "instrument_key": "BINANCE:BTCUSDT:SPOT", "price": 65037.5, "qty": 4.9826, "quote_qty": 324059.02, "taker_side": "BUY", "venue_ts": 1711000465000, "received_ts": 1711000465010}
{"event_type": "trade", "event_id": "trade_156", "venue": "binance", "instrument_key": "BINANCE:BTCUSDT:SPOT", "price": 65038.0, "qty": 2.5982, "quote_qty": 168983.8, "taker_side": "BUY", "venue_ts": 1711000468000, "received_ts": 1711000468010}
{"event_type": "trade", "event_id": "trade_157", "venue": "binance", "instrument_key": "BINANCE:BTCUSDT:SPOT", "price": 65038.5, "qty": 4.4977, "quote_qty": 292522.2, "taker_side": "BUY", "venue_ts": 1711000471000, "received_ts": 1711000471010}
{"event_type": "trade", "event_id": "trade_158", "venue": "binance", "instrument_key": "BINANCE:BTCUSDT:SPOT", "price": 65039.0, "qty": 4.7821, "quote_qty": 311025.76, "taker_side": "SELL", "venue_ts": 1711000474000, "received_ts": 1711000474010}
{"event_type": "trade", "event_id": "trade_159", "venue": "binance", "instrument_key": "BINANCE:BTCUSDT:SPOT", "price": 65039.5, "qty": 4.0395, "quote_qty": 262730.27, "taker_side": "BUY", "venue_ts": 1711000477000, "received_ts": 1711000477010}
{"event_type": "trade", "event_id": "trade_160", "venue": "binance", "instrument_key": "BINANCE:BTCUSDT:SPOT", "price": 65040.0, "qty": 4.8662, "quote_qty": 316496.33, "taker_side": "BUY", "venue_ts": 1711000480000, "received_ts": 1711000480010}
{"event_type": "trade", "event_id": "trade_161", "venue": "binance", "instrument_key": "BINANCE:BTCUSDT:SPOT", "price": 65040.5, "qty": 3.3685, "quote_qty": 219087.25, "taker_side": "BUY", "venue_ts": 1711000483000, "received_ts": 1711000483010}
{"event_type": "trade", "event_id": "trade_162", "venue": "binance", "instrument_key": "BINANCE:BTCUSDT:SPOT", "price": 65041.0, "qty": 3.5859, "quote_qty": 233231.03, "taker_side": "BUY", "venue_ts": 1711000486000, "received_ts": 1711000486010}
{"event_type": "trade", "event_id": "trade_163", "venue": "binance", "instrument_key": "BINANCE:BTCUSDT:SPOT", "price": 65041.5, "qty": 1.6624, "quote_qty": 108123.32, "taker_side": "SELL", "venue_ts": 1711000489000, "received_ts": 1711000489010}
{"event_type": "trade", "event_id": "trade_164", "venue": "binance", "instrument_key": "BINANCE:BTCUSDT:SPOT", "price": 65042.0, "qty": 4.6006, "quote_qty": 299232.6, "taker_side": "BUY", "venue_ts": 1711000492000, "received_ts": 1711000492010}
{"event_type": "trade", "event_id": "trade_165", "venue": "binance", "instrument_key": "BINANCE:BTCUSDT:SPOT", "price": 65042.5, "qty": 2.1105, "quote_qty": 137269.21, "taker_side": "BUY", "venue_ts": 1711000495000, "received_ts": 1711000495010}
{"event_type": "trade", "event_id": "trade_166", "venue": "binance", "instrument_key": "BINANCE:BTCUSDT:SPOT", "price": 65043.0, "qty": 1.1175, "quote_qty": 72684.22, "taker_side": "BUY", "venue_ts": 1711000498000, "received_ts": 1711000498010}
{"event_type": "trade", "event_id": "trade_167", "venue": "binance", "instrument_key": "BINANCE:BTCUSDT:SPOT", "price": 65043.5, "qty": 3.832, "quote_qty": 249249.04, "taker_side": "BUY", "venue_ts": 1711000501000, "received_ts": 1711000501010}
{"event_type": "trade", "event_id": "trade_168", "venue": "binance", "instrument_key": "BINANCE:BTCUSDT:SPOT", "price": 65044.0, "qty": 4.8021, "quote_qty": 312345.44, "taker_side": "BUY", "venue_ts": 1711000504000, "received_ts": 1711000504010}
{"event_type": "trade", "event_id": "trade_169", "venue": "binance", "instrument_key": "BINANCE:BTCUSDT:SPOT", "price": 65044.5, "qty": 4.0751, "quote_qty": 265060.77, "taker_side": "BUY", "venue_ts": 1711000507000, "received_ts": 1711000507010}
{"event_type": "trade", "event_id": "trade_170", "venue": "binance", "instrument_key": "BINANCE:BTCUSDT:SPOT", "price": 65045.0, "qty": 2.1165, "quote_qty": 137665.33, "taker_side": "BUY", "venue_ts": 1711000510000, "received_ts": 1711000510010}
{"event_type": "trade", "event_id": "trade_171", "venue": "binance", "instrument_key": "BINANCE:BTCUSDT:SPOT", "price": 65045.5, "qty": 1.5885, "quote_qty": 103325.33, "taker_side": "BUY", "venue_ts": 1711000513000, "received_ts": 1711000513010}
{"event_type": "trade", "event_id": "trade_172", "venue": "binance", "instrument_key": "BINANCE:BTCUSDT:SPOT", "price": 65046.0, "qty": 3.4989, "quote_qty": 227591.41, "taker_side": "BUY", "venue_ts": 1711000516000, "received_ts": 1711000516010}
{"event_type": "trade", "event_id": "trade_173", "venue": "binance", "instrument_key": "BINANCE:BTCUSDT:SPOT", "price": 65046.5, "qty": 3.0638, "quote_qty": 199291.08, "taker_side": "BUY", "venue_ts": 1711000519000, "received_ts": 1711000519010}
{"event_type": "trade", "event_id": "trade_174", "venue": "binance", "instrument_key": "BINANCE:BTCUSDT:SPOT", "price": 65047.0, "qty": 3.6754, "quote_qty": 239072.72, "taker_side": "SELL", "venue_ts": 1711000522000, "received_ts": 1711000522010}
{"event_type": "trade", "event_id": "trade_175", "venue": "binance", "instrument_key": "BINANCE:BTCUSDT:SPOT", "price": 65047.5, "qty": 3.7942, "quote_qty": 246801.18, "taker_side": "BUY", "venue_ts": 1711000525000, "received_ts": 1711000525010}
{"event_type": "trade", "event_id": "trade_176", "venue": "binance", "instrument_key": "BINANCE:BTCUSDT:SPOT", "price": 65048.0, "qty": 4.9052, "quote_qty": 319070.29, "taker_side": "BUY", "venue_ts": 1711000528000, "received_ts": 1711000528010}
{"event_type": "trade", "event_id": "trade_177", "venue": "binance", "instrument_key": "BINANCE:BTCUSDT:SPOT", "price": 65048.5, "qty": 1.2782, "quote_qty": 83145.92, "taker_side": "BUY", "venue_ts": 1711000531000, "received_ts": 1711000531010}
{"event_type": "trade", "event_id": "trade_178", "venue": "binance", "instrument_key": "BINANCE:BTCUSDT:SPOT", "price": 65049.0, "qty": 4.5489, "quote_qty": 295904.13, "taker_side": "BUY", "venue_ts": 1711000534000, "received_ts": 1711000534010}
{"event_type": "trade", "event_id": "trade_179", "venue": "binance", "instrument_key": "BINANCE:BTCUSDT:SPOT", "price": 65049.5, "qty": 4.5967, "quote_qty": 299010.29, "taker_side": "BUY", "venue_ts": 1711000537000, "received_ts": 1711000537010}
{"event_type": "trade", "event_id": "trade_180", "venue": "binance", "instrument_key": "BINANCE:BTCUSDT:SPOT", "price": 65050.0, "qty": 1.3412, "quote_qty": 87246.88, "taker_side": "BUY", "venue_ts": 1711000540000, "received_ts": 1711000540010}
{"event_type": "trade", "event_id": "trade_181", "venue": "binance", "instrument_key": "BINANCE:BTCUSDT:SPOT", "price": 65050.5, "qty": 1.4051, "quote_qty": 91401.13, "taker_side": "BUY", "venue_ts": 1711000543000, "received_ts": 1711000543010}
{"event_type": "trade", "event_id": "trade_182", "venue": "binance", "instrument_key": "BINANCE:BTCUSDT:SPOT", "price": 65051.0, "qty": 3.9815, "quote_qty": 259003.17, "taker_side": "BUY", "venue_ts": 1711000546000, "received_ts": 1711000546010}
{"event_type": "trade", "event_id": "trade_183", "venue": "binance", "instrument_key": "BINANCE:BTCUSDT:SPOT", "price": 65051.5, "qty": 1.6797, "quote_qty": 109269.45, "taker_side": "BUY", "venue_ts": 1711000549000, "received_ts": 1711000549010}
{"event_type": "trade", "event_id": "trade_184", "venue": "binance", "instrument_key": "BINANCE:BTCUSDT:SPOT", "price": 65052.0, "qty": 3.8777, "quote_qty": 252253.41, "taker_side": "BUY", "venue_ts": 1711000552000, "received_ts": 1711000552010}
{"event_type": "trade", "event_id": "trade_185", "venue": "binance", "instrument_key": "BINANCE:BTCUSDT:SPOT", "price": 65052.5, "qty": 2.2909, "quote_qty": 149025.7, "taker_side": "BUY", "venue_ts": 1711000555000, "received_ts": 1711000555010}
{"event_type": "trade", "event_id": "trade_186", "venue": "binance", "instrument_key": "BINANCE:BTCUSDT:SPOT", "price": 65053.0, "qty": 2.843, "quote_qty": 184944.3, "taker_side": "BUY", "venue_ts": 1711000558000, "received_ts": 1711000558010}
{"event_type": "trade", "event_id": "trade_187", "venue": "binance", "instrument_key": "BINANCE:BTCUSDT:SPOT", "price": 65053.5, "qty": 3.8765, "quote_qty": 252181.17, "taker_side": "BUY", "venue_ts": 1711000561000, "received_ts": 1711000561010}
{"event_type": "trade", "event_id": "trade_188", "venue": "binance", "instrument_key": "BINANCE:BTCUSDT:SPOT", "price": 65054.0, "qty": 4.6729, "quote_qty": 303991.14, "taker_side": "SELL", "venue_ts": 1711000564000, "received_ts": 1711000564010}
{"event_type": "trade", "event_id": "trade_189", "venue": "binance", "instrument_key": "BINANCE:BTCUSDT:SPOT", "price": 65054.5, "qty": 3.1102, "quote_qty": 202334.61, "taker_side": "BUY", "venue_ts": 1711000567000, "received_ts": 1711000567010}
{"event_type": "trade", "event_id": "trade_190", "venue": "binance", "instrument_key": "BINANCE:BTCUSDT:SPOT", "price": 65055.0, "qty": 3.4577, "quote_qty": 224943.19, "taker_side": "BUY", "venue_ts": 1711000570000, "received_ts": 1711000570010}
{"event_type": "trade", "event_id": "trade_191", "venue": "binance", "instrument_key": "BINANCE:BTCUSDT:SPOT", "price": 65055.5, "qty": 1.3498, "quote_qty": 87811.33, "taker_side": "SELL", "venue_ts": 1711000573000, "received_ts": 1711000573010}
{"event_type": "trade", "event_id": "trade_192", "venue": "binance", "instrument_key": "BINANCE:BTCUSDT:SPOT", "price": 65056.0, "qty": 3.4981, "quote_qty": 227573.48, "taker_side": "BUY", "venue_ts": 1711000576000, "received_ts": 1711000576010}
{"event_type": "trade", "event_id": "trade_193", "venue": "binance", "instrument_key": "BINANCE:BTCUSDT:SPOT", "price": 65056.5, "qty": 3.1924, "quote_qty": 207689.31, "taker_side": "BUY", "venue_ts": 1711000579000, "received_ts": 1711000579010}
{"event_type": "trade", "event_id": "trade_194", "venue": "binance", "instrument_key": "BINANCE:BTCUSDT:SPOT", "price": 65057.0, "qty": 3.5133, "quote_qty": 228565.8, "taker_side": "BUY", "venue_ts": 1711000582000, "received_ts": 1711000582010}
{"event_type": "trade", "event_id": "trade_195", "venue": "binance", "instrument_key": "BINANCE:BTCUSDT:SPOT", "price": 65057.5, "qty": 4.1132, "quote_qty": 267593.49, "taker_side": "SELL", "venue_ts": 1711000585000, "received_ts": 1711000585010}
{"event_type": "trade", "event_id": "trade_196", "venue": "binance", "instrument_key": "BINANCE:BTCUSDT:SPOT", "price": 65058.0, "qty": 2.0196, "quote_qty": 131388.6, "taker_side": "BUY", "venue_ts": 1711000588000, "received_ts": 1711000588010}
{"event_type": "trade", "event_id": "trade_197", "venue": "binance", "instrument_key": "BINANCE:BTCUSDT:SPOT", "price": 65058.5, "qty": 2.4339, "quote_qty": 158348.46, "taker_side": "BUY", "venue_ts": 1711000591000, "received_ts": 1711000591010}
{"event_type": "trade", "event_id": "trade_198", "venue": "binance", "instrument_key": "BINANCE:BTCUSDT:SPOT", "price": 65059.0, "qty": 4.5555, "quote_qty": 296377.14, "taker_side": "BUY", "venue_ts": 1711000594000, "received_ts": 1711000594010}
{"event_type": "trade", "event_id": "trade_199", "venue": "binance", "instrument_key": "BINANCE:BTCUSDT:SPOT", "price": 65059.5, "qty": 3.0691, "quote_qty": 199676.43, "taker_side": "BUY", "venue_ts": 1711000597000, "received_ts": 1711000597010}
